3472 5294
1416 447 1480 515 517

141 625 211 688 tuor
231 621 407 706 occupatis,
441 621 586 705 adjuncto
608 621 703 688 fratre
725 620 764 687 ad
794 621 983 688 obsidionem
1007 621 1135 704 Segniee
1166 620 1348 703 profectum,
1372 642 1484 707 magne

140 711 170 776 vi
191 710 230 776 ad
254 729 310 775 sua
331 710 400 776 inde
423 729 455 776 se
479 711 590 794 oppida
611 711 747 792 recipere
769 711 937 794 coegisset,
967 713 1141 774 universam
1164 711 1234 774 inde
1255 709 1287 774 in
1312 710 1485 795 Frangepa·

139 818 213 864 num
235 798 310 864 belli
334 798 445 864 molem
467 799 708 881 apparatumque
732 800 932 874 converterat,
956 800 1010 882 qui
1031 799 1168 864 Briniam
1191 799 1226 862 nt
1248 797 1406 880 antiquam
1430 820 1485 882 po·

32 903 36 912 ·
142 888 319 966 sessionem,
342 907 397 969 per
419 885 523 952 dolum
545 891 733 968 occupatam,
751 885 954 969 serepetenti
976 887 1040 969 regi
1065 886 1233 950 rediturum
1256 905 1323 950 esse
1346 894 1483 971 negarat,

140 975 291 1058 motisque
322 973 469 1040 aduersus
492 994 560 1040 eum
595 973 706 1038 castris
730 974 869 1039 Briniam
892 973 1047 1038 obsidione
1072 993 1219 1056 premere,
1251 975 1340 1038 rebus
1363 976 1394 1038 in
1415 996 1483 1040 eurn

140 1081 255 1127 annum
278 1064 497 1146 eumprouimo
509 1062 677 1127 Turcarum
696 1061 848 1144 praefecte
866 1064 1055 1146 compositio,
1075 1063 1263 1127 instituerat.
1288 1061 1369 1126 Dum
1381 1067 1484 1129 antem

142 1169 253 1223 arcem,
276 1169 355 1234 quae
369 1153 481 1216 natura
502 1152 602 1234 magis
617 1167 711 1232 quam
734 1152 800 1214 arte
824 1151 944 1214 munita
958 1150 1067 1233 oppido
1089 1151 1279 1228 imminebat,
1303 1150 1484 1232 diligentius

74 1279 78 1288 ·
141 1238 207 1321 ipse
224 1257 294 1303 cum
310 1237 427 1321 college
438 1256 492 1304 suo
504 1237 680 1303 Beth-bane
696 1240 839 1322 opugnat,
857 1237 1044 1312 factumest,
1068 1241 1104 1303 ut
1118 1238 1312 1303 Bethabanus
1327 1239 1388 1320 pila
1400 1242 1486 1306 aenei

140 1327 285 1391 tormenti
309 1345 469 1408 percussus
493 1327 603 1391 misere
625 1325 813 1403 occubuerit,
837 1325 925 1409 cujus
948 1328 1045 1391 morte
1069 1327 1133 1408 ipse
1155 1326 1268 1408 aliique
1289 1344 1392 1390 emeres
1415 1347 1486 1411 gra·

141 1414 266 1479 vissime
290 1414 469 1497 perturbati,
493 1413 659 1498 majoribus
682 1413 790 1496 opibus
813 1413 984 1497 animisque
1005 1415 1148 1496 oppidum
1172 1415 1407 1497 oppugnandum
1431 1433 1487 1498 eg-

141 1501 240 1586 gressi
258 1520 293 1567 eo
315 1503 550 1586 Frangepunum
572 1501 772 1579 adduxerunt,
795 1503 831 1566 ut
853 1502 1012 1586 postquam
1036 1519 1068 1565 se
1091 1501 1231 1566 resistere
1254 1501 1306 1567 diu
1328 1519 1387 1567 nen
1401 1523 1486 1585 posse

142 1590 229 1666 vidit,
260 1609 330 1654 cum
354 1590 491 1672 proximo
512 1588 681 1654 'furcarum
704 1591 801 1654 Bassa
822 1589 989 1673 pepigerit,
1019 1591 1055 1654 ut
1076 1590 1103 1654 si
1126 1591 1306 1655 auertendos
1328 1610 1347 1656 a
1368 1591 1485 1658 briniel

142 1677 298 1743 obsidione
321 1677 485 1760 Huugaros
515 1695 584 1741 eum
615 1676 744 1742 delectis
767 1677 905 1760 equitum
926 1678 1038 1742 turmis
1067 1676 1235 1742 Oarnioliae
1259 1681 1290 1742 et
1311 1677 1487 1744 Corinthiae

141 1767 217 1830 fines
240 1765 472 1848 populabundus
496 1764 626 1842 iniisset,
649 1763 715 1847 ipse
727 1783 782 1847 pro
805 1766 891 1829 tauto
907 1765 1053 1830 beneficio
1077 1765 1108 1828 in
1131 1767 1312 1847 perpetuum
1335 1767 1486 1849 Bejnsetis

142 1852 248 1918 ditioni
272 1853 460 1936 imperioque
482 1852 640 1935 subjectus
663 1857 753 1918 esset.
777 1852 858 1917 Tum
880 1853 987 1931 Bassa,
1010 1853 1090 1919 haud
1114 1853 1173 1917 sibi
1189 1855 1277 1917 tanta
1292 1873 1344 1935 spe
1368 1855 1488 1936 objecta

32 1934 37 1944 '
143 1940 324 2008 cessandum
345 1943 440 2018 ratus,
464 1939 624 2006 confestim
648 1958 718 2005 cum
735 1941 802 2004 octo
820 1939 964 2026 xmillibus
976 1939 1272 2023 expeditissimorum
1286 1940 1422 2024 equitum
1436 1961 1489 2024 per

141 2027 297 2094 Oroatiam
329 2028 499 2112 regnicolas
523 2029 744 2094 Germanorum
779 2027 911 2094 infestus
933 2028 1087 2106 incurset,
1121 2028 1211 2092 etad
1235 2028 1255 2093 J
1260 2029 1352 2093 uliam
1376 2033 1408 2094 et
1431 2031 1488 2096 Pe-

141 2117 255 2182 touiam
280 2116 515 2200 usquepraedas
537 2115 620 2195 facit,
643 2134 680 2180 aa
692 2115 844 2181 citiarum
869 2134 979 2199 agrum
1000 2116 1169 2181 continenti
1192 2133 1282 2199 prope
1293 2117 1487 2199 populatione

140 2204 320 2270 deformat.“
347 2239 388 2250 -
426 2205 490 2270 Von
512 2205 618 2270 seinen
639 2205 767 2288 aigenen
790 2204 920 2270 meriten
942 2205 1034 2269 naias
1056 2204 1106 2269 ich
1124 2203 1243 2281 nichts;
1277 2205 1318 2270 ist
1337 2205 1414 2270 auch
1437 2207 1486 2272 nie

140 2292 242 2358 nichts
265 2291 457 2358 einlromben.

247 2380 398 2446 Schliesse
421 2378 602 2459 alsodahin,
626 2379 698 2446 das
728 2381 833 2445 ihme
855 2378 903 2445 als
925 2379 1046 2446 conscio
1061 2382 1203 2458 consorti,
1227 2379 1379 2464 participi,
1404 2380 1486 2446 socie

141 2467 364 2552 principaliori,
398 2469 531 2552 adeoque
560 2469 668 2533 multis
699 2468 876 2533 nominibus
899 2485 950 2533 reo
973 2467 1111 2534 oriminis
1142 2467 1240 2534 laesae
1263 2469 1433 2552 majestatis
1457 2471 1488 2534 et

142 2556 359 2640 perduellionis
391 2556 456 2621 die
493 2555 598 2620 band
633 2555 959 2640 abgeschlagen,
995 2557 1065 2620 deu
1094 2555 1206 2639 Kopf
1238 2557 1487 2639 abgehauen,

143 2645 217 2710 und
248 2644 331 2709 alle
359 2644 474 2709 seine
497 2643 677 2710 Gdetter
699 2641 954 2709 'confisciert
975 2643 1131 2709 werden
1163 2643 1307 2708 sellen.
1331 2645 1400 2710 Und
1422 2643 1486 2708 die·

141 2751 190 2798 ses
214 2733 415 2816 vngehiudert
437 2731 491 2797 des
514 2731 660 2816 beutigeu
683 2730 872 2810 Memorials,
895 2730 941 2796 als
965 2731 1093 2796 welches
1117 2731 1208 2797 allein
1225 2731 1288 2796 auti
1308 2731 1357 2796 die
1380 2731 1485 2797 Guadt

141 2821 236 2899 zillet‚
260 2821 338 2886 doch
361 2821 391 2885 iu
414 2819 551 2903 selbigen
574 2819 644 2886 luein
666 2839 771 2884 uerum
794 2837 846 2884 cor
867 2818 1042 2897 contritum,
1067 2819 1154 2883 keine
1178 2819 1486 2903 rechteBeueugnnss

143 2909 273 2974 sonderu
296 2909 432 2973 mehrers
455 2907 617 2986 malitiam,
641 2909 777 2973 mebrers
801 2909 1007 2991 arrogantiam
1030 2909 1091 2971 und
1113 2906 1305 2990 dergle'iehen
1324 2908 1399 2982 sibe,
1424 2907 1484 2972 dan

141 3016 173 3061 er
197 2999 283 3080 sagt:
312 3000 400 3080 ,opto
417 2997 519 3080 potius
535 3016 584 3060 me
607 3015 660 3078 pro
672 3015 722 3061 reo
738 2993 919 3060 denuntiare
934 3013 1003 3060 cum
1015 2993 1303 3060 fiduciaelieieudae
1327 3013 1484 3060 caesareae

140 3084 322 3150 clementiae
345 3087 377 3149 et
399 3084 519 3168 gratiae
542 3082 785 3166 recuperandae,
816 3101 908 3167 quam
931 3101 984 3164 pro
1007 3083 1159 3148 innocenti
1183 3083 1393 3165 depraedicare
1416 3101 1487 3148 cum

143 3171 235 3237 dubio
258 3191 295 3237 ec
325 3174 409 3237 metu
439 3172 645 3238 conciliandae
675 3172 824 3256 gravioris
853 3169 1071 3254 indignationis
1106 3172 1137 3234 in
1160 3171 1324 3235 Maiestate
1345 3171 1488 3248 Vestra“,

140 3260 205 3325 also
230 3261 315 3325 nieht
336 3279 407 3324 vera
429 3260 617 3342 poenitentia
639 3261 692 3325 sed
716 3259 877 3324 formidine
892 3277 1006 3341 poenae
1028 3259 1157 3334 ductus,
1189 3259 1250 3324 und
1273 3258 1327 3324 vill
1357 3258 1488 3342 derglei-

142 3349 219 3413 chen
240 3348 337 3413 mehr.
359 3349 517 3432 Abgelegt
539 3349 629 3413 Wien
652 3347 712 3412 den
737 3348 787 3412 ll.
811 3346 901 3430 April
928 3346 1019 3410 1671.
1041 3343 1091 3411 Gr.
1115 3344 1222 3411 Abele.

245 3439 297 3499 Nu
318 3439 422 3500 hrota:
446 3436 560 3500 Votum
583 3437 615 3500 in
637 3455 730 3500 causa
752 3433 907 3500 Francisci
938 3434 1060 3498 comitis
1083 3436 1120 3498 de
1143 3434 1339 3517 Frangepau:
1367 3432 1435 3510 ,An
1457 3435 1489 3498 et

143 3525 292 3607 quatenus
327 3523 370 3589 sit
392 3542 462 3588 reus
493 3524 630 3588 criminis
662 3524 763 3588 laesae
793 3521 985 3606 majestatis,
1015 3523 1048 3587 et
1069 3541 1129 3605 qua
1150 3541 1247 3606 poena
1277 3521 1485 3588 afficiendus.“

143 3612 300 3696 Abgelegt
322 3611 413 3677 Wien
436 3611 494 3676 den
522 3614 569 3676 ll.
593 3611 682 3693 April
707 3611 800 3675 1671.

252 3701 283 3763 U
301 3721 326 3764 c.
350 3703 410 3763 ἀνι.
433 3704 540 3763 urtica
563 3721 584 3762 u
606 3702 697 3764 Bedu.

771 3819 858 3906 dle.

144 3953 236 4010 1671.
261 3953 301 4008 11
326 3948 797 4024 truonju.il1idting(illddtinp).
823 3931 947 4008 Marino
971 3947 1058 4008 Zarai
1079 3947 1241 4022 iaujeddnje,
1264 3949 1304 4007 do
1318 3966 1348 4008 se
1367 3949 1490 4022 pernice

195 4039 279 4112 prote'
302 4038 470 4108 Nodusda'u,
496 4037 705 4114 Ταιιειιιασιιι,
729 4036 907 4097 Zrinsicomu
928 4038 941 4095 i
964 4037 1169 4110 mananseo
1187 4039 1318 4110 primite
1340 4039 1437 4110 leruJ'u.

248 4139 299 4218 ,Si
329 4139 509 4222 comprenda
541 4139 711 4204 necessaria
741 4138 1124 4204 l'ultimatiene.d’alcune
1156 4139 1192 4203 de
1221 4139 1354 4222 processi
1386 4145 1490 4204 centro

140 4228 335 4312 gl'errestati.
362 4229 395 4292 ln
418 4228 565 4293 Possonia
599 4227 839 4292 iucaminandosi
861 4226 1064 4310 inquisittioui
1087 4231 1192 4292 centro
1217 4227 1240 4290 li
1263 4227 1308 4291 rei
1331 4226 1401 4290 nell'
1426 4227 1490 4292 Un-

142 4317 247 4397 gheria
270 4316 399 4392 retenti;
430 4317 480 4398 qui
512 4315 537 4381 sl
559 4333 631 4380 sone
653 4313 784 4380 formate
815 4314 846 4380 el
867 4314 1020 4391 Nadasdi,
1045 4315 1252 4398 Tatempacb,
1289 4315 1427 4380 Zrinio
1451 4316 1491 4379 et

142 4405 399 4485 Frangipani
421 4404 451 4467 le
475 4405 560 4486 colpe
583 4404 615 4468 et
637 4407 736 4467 effese.
763 4403 796 4469 si
811 4421 949 4486 procura,
971 4403 1026 4468 che
1049 4422 1143 4486 segue
1165 4403 1187 4465 il
1211 4403 1341 4483 ginditio
1364 4401 1490 4472 delNa·

141 4491 231 4558 dasti.
255 4492 284 4556 Il
307 4490 460 4557 tribunale
482 4491 635 4555 destinato
658 4491 680 4555 s'
697 4491 799 4556 unisse
823 4491 956 4556 mattina
978 4492 1010 4555 et
1032 4509 1109 4556 sera.
1136 4491 1162 4554 ll
1186 4491 1307 4555 Hocher
1329 4511 1388 4555 nen
1413 4491 1491 4554 inte-

141 4599 246 4663 rempe
267 4580 291 4644 il
311 4579 472 4663 presieder·.
517 4579 554 4643 Li
576 4579 677 4662 giomi
707 4579 826 4661 passati
848 4579 1002 4644 chiamato
1026 4579 1087 4643 elle
1110 4579 1283 4644 conierenze
1311 4578 1347 4642 de
1370 4577 1488 4660 negetij

142 4668 271 4752 politici,
295 4685 351 4733 sua
365 4667 482 4732 Maesta
505 4684 560 4731 con
576 4666 606 4731 la
628 4667 751 4748 propria
763 4684 834 4731 voce
852 4665 875 4730 li
891 4668 989 4732 disse:
1014 4685 1074 4730 non
1090 4666 1264 4732 traiasciate
1280 4665 1310 4730 dl
1323 4666 1487 4732 ritrovarvi

142 4756 206 4821 alla
229 4757 343 4820 lettura
364 4755 415 4820 del
437 4773 578 4837 processo
601 4753 652 4818 del
674 4753 815 4830 Nadasdi,
844 4755 899 4818 che
922 4755 984 4820 mia
1008 4755 1175 4820 intentione
1197 4757 1213 4818 e
1235 4753 1266 4818 di
1287 4755 1436 4819 terminer
1459 4754 1491 4818 in

143 4843 232 4928 pochi
254 4843 362 4928 giorni.
385 4843 430 4908 Ia
453 4841 542 4908 Certe
565 4861 620 4908 eon
644 4842 790 4907 curiositd
811 4841 935 4908 attende
957 4842 1068 4909 l'esito
1091 4847 1122 4908 et
1144 4843 1175 4907 la
1197 4845 1347 4908 sentenia.
1385 4841 1413 4906 ll
1438 4860 1491 4906 reo
