3518 5266
234 409 296 474 122

867 591 950 673 lid.

231 700 323 758 1670.
347 699 390 758 29
413 699 521 772 oeujea
556 699 715 759 Varuidiu.
742 697 816 771 Geor
845 701 924 758 loon
948 697 1114 758 Drudlrocid
1137 699 1247 772 siculis
1264 697 1366 772 krolju
1383 697 1461 771 pred
1481 697 1525 758 odi
1536 714 1593 770 po-

229 787 326 864 pibclj,
348 787 418 860 toja
440 788 606 861 Hrcatslroj
628 789 641 846 e'
663 787 829 860 susjedaim
852 787 1038 861 austrijslrim
1061 787 1195 860 eemhom
1216 787 1307 859 pra'ctc'
1328 787 1366 846 od
1389 787 1479 846 Petra
1505 784 1594 844 Zeia-

229 877 329 954 ctcpu,
352 892 390 934 arr
413 875 517 948 tojcpu
539 875 580 933 da
597 875 733 948 perrara
760 875 847 946 clusi,
878 877 985 934 hausti
1015 875 1206 948 baptismis?
1228 875 1312 948 spelei
1334 873 1471 946 plasten
1503 873 1593 943 misti,

516 963 556 1021 du
579 963 608 1021 hi
631 980 662 1022 se
685 963 776 1022 Peter
799 964 857 1022 dcc
881 964 980 1036 liepim
1003 962 1140 1022 audinum
1163 963 1313 1022 odoraret.

334 1063 552 1132 Sacratissims
574 1084 716 1131 caesarea
740 1066 773 1130 at
795 1066 882 1147 regia
904 1065 1068 1142 maiestas,
1100 1065 1240 1144 domine,
1275 1063 1397 1129 domina
1428 1063 1504 1128 mihi
1527 1063 1591 1128 cle·

233 1151 437 1218 mestissime.
462 1151 610 1218 Constare
633 1154 695 1218 iam
719 1152 878 1218 maiestati
902 1173 930 1217 v.
955 1157 1102 1231 sacratae,
1127 1153 1238 1236 quibus
1255 1151 1460 1218 anxietatibus
1480 1150 1588 1216 fideles

234 1240 372 1305 eiusdem
395 1241 427 1304 in
451 1241 507 1304 hoc
538 1259 633 1323 regno
661 1241 843 1306 Sclaveniae
875 1241 993 1305 subditi
1025 1243 1222 1323 premantur,
1255 1242 1287 1305 et
1313 1239 1423 1322 quihus
1446 1239 1591 1322 procellis

236 1347 365 1410 regnum
389 1329 456 1406 hoe,
488 1331 637 1412 augustae
659 1329 763 1394 domui
787 1329 959 1394 austriacas
991 1348 1114 1411 semper
1142 1329 1376 1404 fidelissimum,
1409 1327 1593 1410 exagitetur,

238 1436 296 1480 non
321 1416 438 1480 dubito.
463 1415 594 1498 Ideoque
617 1415 777 1480 ulteriores
795 1411 1018 1506 declarationes
1042 1419 1143 1481 status
1160 1417 1256 1481 nostri
1270 1417 1441 1499 praetereo.
1464 1414 1592 1491 Verum,

238 1521 313 1585 pecc
337 1504 511 1568 maiestatis
528 1507 647 1568 restrae
660 1523 695 1581 s.,
718 1505 754 1567 de
773 1504 944 1569 reducenda
967 1507 999 1570 et
1020 1505 1196 1569 innouanda
1218 1504 1312 1586 priori
1328 1503 1431 1586 quiete
1454 1502 1486 1565 et
1508 1502 1594 1566 tran·

242 1589 379 1672 quilitati
403 1592 500 1673 ipsius
523 1593 657 1656 remedia
681 1593 804 1656 mature
827 1593 1009 1675 quaerenda,
1034 1594 1198 1674 antequam
1223 1593 1304 1674 ignis
1333 1591 1396 1654 iam
1427 1588 1592 1672 conceptus

240 1677 324 1744 uices
345 1680 460 1752 sumat,
484 1697 519 1742 ex
543 1678 648 1744 debito
671 1679 832 1744 fidelitatis
855 1698 951 1758 meae,
985 1680 1057 1744 erili
1081 1680 1193 1743 iudicio
1226 1697 1294 1743 meo
1324 1675 1497 1743 humillime
1520 1676 1594 1742 inti·

237 1783 332 1830 mare.
369 1763 455 1844 Quod
480 1766 680 1832 alienatione
705 1785 759 1830 nec
782 1786 946 1850 praesumo
978 1768 1053 1832 mihi
1085 1767 1333 1849 proponendum,
1364 1783 1457 1848 quam
1481 1763 1592 1830 ductus

236 1853 321 1918 auita
344 1853 502 1928 fidelitate,
528 1873 588 1936 qua
611 1854 705 1919 etiam
736 1857 984 1937 praedecessores
1015 1854 1075 1918 mei
1106 1857 1258 1938 augustae
1280 1853 1390 1918 domus
1421 1853 1593 1917 austriacas

240 1959 361 2023 semper
384 1942 525 2007 obstricti
549 1939 655 2019 fuere;
678 1960 780 2006 amore
801 1945 909 2008 deinde
933 1944 1052 2024 patriae
1076 1942 1166 2007 huius
1198 1941 1416 2018 charissimae,
1448 1941 1498 2004 eui
1528 1938 1589 2004 nisi

240 2030 420 2110 opportunis
455 2029 599 2094 remediis
630 2032 821 2113 quantocyus
851 2031 1048 2112 provideatur
1078 2032 1234 2094 extremae
1266 2030 1372 2093 ruinae
1406 2026 1592 2110 exponenda,

239 2119 342 2197 atque,
367 2117 444 2199 proh
468 2117 561 2193 dolor,
586 2116 617 2181 in
640 2117 765 2182 feuillas
784 2119 998 2194 conuertenda,
1023 2117 1189 2182 ominatur.
1230 2115 1367 2198 Denique
1391 2115 1524 2196 periculo
1547 2113 1594 2180 vi·

240 2201 379 2268 cinarum
401 2205 473 2269 hnic
494 2222 589 2286 regno
612 2224 655 2268 m.
677 2207 798 2270 restrae
823 2225 846 2270 s.
872 2206 1146 2270 haereditariarum
1161 2205 1397 2288 provinciarum,
1423 2221 1500 2285 quas
1523 2220 1592 2266 eon·

238 2291 359 2372 ceptum
385 2291 544 2357 innostra
570 2293 669 2373 patria
693 2292 819 2370 malum,
845 2293 941 2357 simili
964 2293 1057 2358 exitio
1081 2291 1280 2375 pessumdare
1297 2292 1423 2356 ualeret.
1450 2290 1498 2354 Ad
1514 2307 1592 2373 qnae

235 2379 378 2443 uniuersa
396 2379 608 2464 praecauenda
632 2382 665 2444 et
687 2397 706 2444 a
729 2381 900 2445 ceruicibus
924 2381 986 2445 iam
1011 2382 1100 2462 qnasi
1124 2381 1237 2444 nostris
1260 2379 1436 2456 auertenda,
1460 2396 1522 2443 non
1544 2377 1591 2442 in-

235 2484 406 2549 congruum
431 2467 608 2544 arbitrarer,
634 2469 660 2532 si
683 2484 787 2532 comes
811 2468 917 2546 banus,
942 2469 995 2550 qui
1019 2467 1159 2532 lauillam
1185 2468 1255 2531 huic
1274 2468 1339 2549 igni
1360 2467 1534 2550 supposuit,
1551 2465 1591 2529 ad

239 2553 401 2634 pristinam
425 2553 606 2620 fidelitatem
632 2574 673 2619 m.
698 2557 818 2620 vestrae
850 2574 874 2620 s.
899 2556 1028 2638 placidis
1060 2555 1158 2620 modis
1183 2558 1214 2618 et
1245 2554 1355 2618 mediis
1378 2555 1590 2629 reuocaretur;

237 2641 331 2708 Porta
353 2661 424 2708 vero
448 2641 654 2708 Othomauica
677 2643 714 2711 de
738 2643 889 2707 seruando
920 2643 1057 2720 foedere,
1089 2644 1264 2726 quodcum
1287 2661 1330 2706 m.
1355 2645 1458 2707 vestra
1482 2659 1506 2705 s.
1530 2657 1589 2704 non

238 2730 281 2794 ita
305 2731 423 2812 pridem
447 2732 484 2794 ad
509 2733 609 2794 certos
632 2747 728 2795 annos
751 2730 880 2814 pepigit,
905 2734 1126 2807 comoneretur,
1151 2730 1202 2794 uel
1225 2731 1308 2795 certe
1332 2747 1386 2811 per
1409 2729 1601 2812 conspecta·

236 2819 274 2880 ad
298 2817 449 2882 seruanda
468 2819 571 2900 priora
592 2818 713 2884 foedera
735 2819 936 2901 obligaretur.
961 2818 1026 2883 Nos
1050 2817 1243 2900 regnicolas,
1272 2817 1379 2881 fideles
1403 2836 1446 2881 m.
1471 2818 1591 2880 restrae

234 2923 258 2968 s.
285 2904 412 2984 subditi,
437 2906 514 2971 licet
545 2925 638 2988 parua
671 2925 782 2970 manus
813 2907 928 2984 simus,
960 2906 1152 2970 excursiones
1182 2907 1213 2970 et
1245 2905 1429 2987 irruptiones
1461 2902 1591 2968 hostiles

234 2991 321 3056 flocci
345 2996 558 3075 penderemus,
582 2993 642 3058 nisi
667 2991 834 3072 Wallachi,
859 2993 949 3059 miles
974 2993 1156 3076 Colapianos
1189 2993 1295 3058 comiti
1318 2992 1397 3056 bano
1422 2991 1590 3069 subiectus,

234 3082 267 3143 et
284 3078 379 3161 aliqui
403 3081 566 3159 nobilium,
583 3079 715 3145 diuersis
735 3081 998 3163 policitationibus
1020 3080 1144 3146 comitis
1168 3081 1240 3145 bani
1262 3079 1399 3162 pellecti,
1422 3097 1493 3143 oum
1507 3095 1591 3142 mar·

232 3165 339 3230 chione
366 3167 566 3250 Frangepano
600 3168 660 3251 ipsi
694 3168 803 3232 comiti
835 3169 915 3234 bano
948 3169 1161 3233 adhaererent.
1197 3166 1386 3233 Confidimus
1420 3169 1526 3231 tamen
1559 3165 1591 3230 in

233 3253 339 3317 innata
362 3273 402 3318 m.
428 3257 548 3319 vestrae
573 3274 597 3319 s.
623 3255 796 3332 clementis,
832 3275 884 3320 uos
916 3257 1092 3340 propediem
1124 3255 1289 3320 sufficienti
1321 3257 1359 3320 ad
1382 3253 1590 3319 resistendum

235 3341 267 3404 et
290 3339 417 3405 hostiles
442 3343 566 3424 quosuis
590 3341 724 3422 impetus
749 3343 989 3425 propulsandum
1015 3363 1055 3408 m.
1081 3344 1200 3409 vestrae
1228 3363 1251 3407 s.
1278 3342 1378 3408 milite
1408 3342 1591 3407 subleuatu·

232 3447 282 3492 ros
306 3427 379 3506 lore,
405 3448 464 3512 quo
487 3428 642 3494 subleuati
665 3430 697 3492 et
719 3431 818 3494 adiuti
849 3434 879 3494 et
902 3450 957 3495 nos
981 3431 1085 3495 debita
1109 3431 1200 3513 atque
1223 3431 1328 3495 fidelia
1350 3450 1392 3494 m.
1417 3431 1538 3494 vestrae
1564 3446 1588 3492 s.

231 3517 359 3580 seruitia
381 3516 534 3592 exhibere,
559 3519 590 3581 et
612 3516 754 3582 hostibus
778 3518 892 3582 nostris
916 3518 1025 3583 terrori
1050 3539 1116 3583 esse
1139 3519 1309 3582 ualeamus.
1342 3519 1377 3582 ln
1402 3517 1520 3598 reliquo
1545 3535 1584 3580 m.

231 3606 366 3668 vestram
392 3623 416 3668 s.
440 3607 477 3670 ad
502 3622 599 3669 annos
622 3605 773 3688 plurimos
797 3606 929 3672 feliciter
952 3607 1055 3672 uiuere
1079 3610 1110 3669 et
1134 3606 1236 3670 ualere
1271 3607 1363 3687 atque
1385 3605 1422 3668 de
1445 3604 1587 3668 hostibus

228 3692 292 3755 suis
324 3693 516 3775 triumphare
547 3693 696 3756 animitus
727 3696 845 3776 exopto.
889 3695 987 3759 Datse
1019 3693 1182 3759 Varasdini
1213 3693 1262 3757 die
1293 3693 1335 3756 29
1370 3692 1476 3756 martii
1508 3707 1587 3756 anno

230 3779 324 3843 1670.
350 3779 585 3846 Sacratissimae
609 3781 783 3846 maiestatis
808 3785 928 3847 vestrae
951 3781 1147 3845 humillimus
1179 3799 1215 3845 ac
1238 3780 1338 3845 fidelis
1372 3780 1513 3844 subditus
1537 3797 1588 3844 oo·

228 3884 294 3928 mes
318 3865 454 3932 Joaunes
478 3867 667 3932 Draslrouith
694 3888 734 3933 m.
752 3889 780 3951 p.

331 3951 506 4036 Nadpis:
532 3953 767 4020 Sacratissimae
784 3957 991 4021 Romanorum
1008 3956 1235 4040 imperatoriae,
1259 3973 1376 4021 necnon
1392 3953 1584 4032 Germaniae,

226 4039 414 4122 Hungariae,
439 4041 622 4118 Beherniae,
658 4043 849 4119 Dalmatiae,
882 4043 1042 4116 croatiae,
1069 4041 1247 4109 Sclaveniae
1277 4043 1337 4108 stc.
1360 4044 1464 4128 regiae
1493 4042 1590 4108 maie·

228 4126 314 4200 stati,
339 4127 498 4191 arehidnci
521 4128 668 4194 Austriae
692 4133 750 4195 etc.
772 4130 906 4208 domino,
930 4131 1051 4196 domino
1075 4132 1150 4196 mihi
1172 4131 1425 4196 clementissimo.

276 4215 307 4276 U
325 4217 484 4310 creavere
507 4220 614 4277 artrica
637 4237 657 4278 u
680 4219 771 4280 Beda.

229 4497 322 4564 1670,
346 4497 389 4554 29
408 4515 516 4558 murco.
546 4497 667 4558 Vienna.
702 4501 749 4562 M.
776 4395 1035 4576 Zorzelffieoecje
1055 4504 1191 4576 trejedtcp'
1210 4521 1256 4577 pr.
1282 4503 1320 4562 N.
1346 4501 1483 4560 Erdddiu
1498 4519 1515 4560 o
1531 4499 1585 4559 Pc-

228 4587 277 4640 lru
300 4582 460 4644 Zrinslrcm
484 4603 504 4644 u
527 4585 610 4646 Beda
632 4589 644 4646 ι’
666 4589 771 4649 odlulcc
793 4590 894 4658 deora,
917 4591 957 4648 da
979 4607 1009 4649 sc
1034 4589 1157 4650 Zrinslea'
1179 4591 1297 4650 odorati
1312 4590 1350 4650 cd
1363 4590 1442 4662 soojr
1458 4589 1586 4648 notam

328 4733 335 4748 .
357 4733 364 4748 .
384 4733 415 4750 ..
441 4688 486 4751 La
508 4689 678 4769 spediricne
700 4689 752 4754 del
774 4693 863 4756 conte
887 4690 1021 4769 Ardedi,
1045 4693 1101 4756 che
1137 4691 1349 4775 rappresentai
1379 4691 1585 4756 hnmilmente

223 4774 363 4836 avostra
389 4775 522 4840 serenita
544 4775 596 4858 gia
620 4779 686 4842 otto
710 4777 821 4861 giomi,
846 4777 862 4842 b
886 4779 1007 4862 seguita
1025 4779 1055 4843 in
1073 4796 1164 4846 nome
1180 4779 1263 4861 degli
1279 4779 1354 4843 stati
1370 4778 1452 4843 della
1477 4777 1583 4844 Stiria.
