3550 5272
207 400 272 468 234

207 579 379 664 synceratie
402 579 524 644 uestrae
548 579 727 647 intentionis
760 583 792 648 et
819 581 1003 648 habebimus
1031 580 1283 646 commoditatem
1313 579 1345 645 id
1378 579 1479 663 ipsum
1503 579 1570 644 effr-

208 666 317 733 ciendi.
343 666 450 731 Comes
474 667 571 732 banus
594 669 779 752 approbavit
801 669 986 754 opinionem,
1017 668 1155 752 mihique
1186 667 1343 733 commisit
1376 667 1567 751 suprafatam

209 755 406 838 promulgare
439 753 565 835 lamam,
597 756 780 840 imponendo
809 760 968 840 praeterea
989 756 1132 820 emnibus
1155 756 1219 821 suis
1250 755 1418 836 capitaneis
1442 773 1491 820 me
1511 772 1568 837 pro

210 844 347 924 ipsorum
371 841 520 907 directore
545 861 709 927 agnoscere
732 847 764 910 et
784 845 933 927 respicere
966 844 1084 921 debere,
1108 845 1165 909 hoc
1188 845 1292 908 autem
1315 841 1392 924 idee,
1424 845 1460 908 ut
1478 860 1571 926 quas·

211 947 329 1011 cunque
364 947 468 994 eorum
500 930 679 996 insolentias
712 935 744 996 et
775 933 960 1015 caprieiosas
989 931 1231 996 machinationes
1262 930 1413 995 divertere
1441 930 1569 1013 possim.

210 1019 289 1082 Tum
312 1017 440 1082 discessi
464 1016 654 1084 Gialrthurna
688 1022 720 1086 et
753 1021 935 1104 zagrabiam
971 1019 1085 1102 appuli,
1120 1019 1174 1084 ubi
1205 1018 1243 1089 oh
1267 1017 1443 1101 divulgatae
1466 1016 1572 1082 Bulre-

211 1103 323 1188 vatslry
346 1104 598 1172 comminationes
621 1107 832 1174 incredibilem
851 1108 961 1191 reperii
982 1106 1197 1182 confusionem,
1223 1105 1254 1170 et
1276 1105 1421 1170 miseram
1447 1105 1570 1187 plebem

209 1211 329 1257 summe
352 1192 561 1275 perterritam,
593 1213 669 1279 quae
701 1216 736 1260 er
769 1196 852 1261 omni
883 1197 970 1278 parte
1001 1195 1040 1258 ad
1065 1214 1113 1258 me
1136 1192 1319 1273 confluebat,
1344 1193 1570 1275 protectionem

210 1279 412 1362 implorando.
437 1281 502 1364 Ego
524 1281 687 1366 unicuique
710 1285 886 1366 exposcenti
909 1284 954 1348 rei
977 1284 1095 1348 statum
1119 1283 1208 1346 medo
1232 1281 1408 1346 concertato
1430 1298 1571 1345 commu·

211 1367 322 1444 nicavi,
347 1366 405 1432 hac
428 1387 572 1452 expressa
600 1369 816 1451 declaratione,
847 1389 906 1437 nen
929 1371 997 1436 ideo
1019 1369 1074 1434 nlli
1099 1370 1264 1452 quidquam
1287 1367 1486 1450 praeceptorii
1509 1367 1571 1430 im·

210 1455 282 1538 peni
307 1456 356 1520 vel
379 1456 566 1535 demandari,
592 1460 644 1523 sed
668 1479 743 1542 pure
767 1462 840 1541 pute
863 1460 1018 1524 discursus
1041 1459 1142 1540 gratia
1166 1456 1241 1521 fieri.
1265 1456 1382 1521 Verum
1405 1474 1472 1520 esse
1500 1453 1570 1538 qui·

211 1545 280 1607 dem
304 1562 323 1606 a
345 1543 453 1607 Tarsis
486 1545 654 1626 praefixum
691 1546 796 1612 comiti
829 1547 907 1612 bane
939 1548 1042 1611 extare
1076 1545 1254 1621 terminum,
1290 1544 1321 1608 in
1345 1561 1380 1608 eo
1404 1560 1508 1608 omues
1533 1543 1566 1607 et

211 1630 362 1714 singulos,
387 1631 438 1712 qui
462 1651 494 1696 se
517 1632 669 1698 voluerint
692 1633 843 1716 subjicere
863 1636 900 1700 ad
925 1651 1013 1698 suam
1036 1632 1131 1697 dandi
1154 1632 1305 1698 notitiam.
1330 1629 1417 1696 Haec
1434 1627 1567 1695 formula

211 1717 383 1796 locutionis,
407 1718 649 1785 clementissime
671 1721 850 1804 imperator,
875 1723 921 1787 uti
941 1720 1041 1798 audie,
1065 1720 1142 1784 mihi
1166 1720 1341 1802 imputatur
1364 1719 1395 1784 in
1419 1716 1571 1783 extersio-

213 1825 283 1870 nem
305 1806 443 1889 homagii
467 1808 499 1871 et
515 1807 686 1889 juramenti
706 1810 813 1874 Turcis
836 1811 873 1874 ad
898 1809 1089 1885 fidelitatem,
1112 1809 1148 1872 de
1172 1825 1240 1890 qua,
1276 1808 1367 1872 deum
1382 1807 1490 1882 tester,
1516 1822 1573 1869 nec

215 1893 375 1971 somniavi,
401 1912 456 1958 nec
480 1895 511 1958 in
535 1895 722 1979 cogitatione
744 1896 836 1962 habui
860 1897 961 1975 aliter,
986 1895 1046 1961 nisi
1070 1898 1105 1961 ut
1128 1914 1162 1961 ee
1184 1895 1276 1960 citius
1293 1894 1451 1977 perveniat
1467 1910 1573 1958 rumor

214 1981 252 2046 ad
277 1981 440 2046 eonsilium
466 1981 638 2049 Graeeense
659 1987 691 2049 et
713 1983 785 2051 inde
808 1986 847 2051 eb
870 1985 1017 2050 materiae
1046 1982 1299 2049 incertitudinem
1331 1981 1409 2047 serie
1433 1980 1573 2064 requira-

216 2087 285 2132 mnr
308 2068 345 2132 de
368 2070 482 2134 nestris
503 2071 793 2138 machinationibus.
817 2071 973 2151 Quantum
998 2089 1086 2154 perro
1107 2071 1221 2137 attinet
1243 2069 1453 2136 conliniariam
1476 2085 1574 2132 aune-

214 2175 285 2220 nam
308 2175 362 2239 per
386 2176 435 2221 me
451 2157 621 2241 Zagrabiae
636 2159 804 2239 detentam,
829 2160 1068 2225 clementissime
1084 2159 1260 2241 imperator,
1285 2176 1333 2222 res
1349 2157 1395 2222 ita
1412 2155 1571 2222 sehabet:

216 2242 289 2327 Cap.
316 2244 529 2330 Bulrovatzlry,
554 2246 606 2329 qui
630 2247 755 2313 realiter
778 2249 908 2332 putabat
930 2265 984 2313 nes
1008 2265 1078 2312 cum
1102 2246 1209 2312 Turcis
1233 2246 1410 2312 firmissime
1429 2243 1572 2326 conjunc·

216 2333 274 2408 tos,
298 2334 507 2415 praesumpsit
522 2334 596 2412 sibi,
622 2335 717 2400 etiam
741 2338 848 2402 centra
868 2335 1015 2401 mandata
1037 2335 1069 2398 et
1091 2333 1289 2399 inhibitiones
1306 2351 1400 2412 meas,
1423 2330 1574 2415 quasdam

213 2438 248 2483 er
270 2419 338 2483 edio
361 2419 481 2501 private
502 2423 679 2505 perpetrare
712 2424 904 2502 insolentias,
932 2442 1002 2489 eum
1025 2421 1103 2488 alias
1129 2441 1234 2486 ornnes
1260 2420 1422 2487 ulteriores
1447 2435 1575 2503 praepe-

212 2506 344 2571 diverim
369 2506 558 2574 hostilitates
581 2511 614 2575 et
636 2510 817 2577 invasiones.
840 2511 902 2576 Iste
927 2510 1104 2594 intelligens
1126 2509 1217 2575 huius
1240 2526 1378 2574 annonae
1393 2509 1577 2573 descensum

213 2613 267 2677 per
287 2594 417 2660 fluvium
443 2595 559 2662 Savum
581 2597 620 2662 ad
645 2600 783 2676 confinia,
804 2599 927 2683 publice
950 2598 1010 2663 luit
1033 2597 1237 2663 comminatus
1260 2615 1328 2662 eam
1350 2593 1576 2678 intercipiendi,

214 2683 246 2748 et
267 2681 299 2745 in
322 2682 402 2746 huuc
426 2682 569 2750 effectum
591 2685 659 2769 jam
683 2687 822 2752 hemines
852 2686 1085 2763 subornaverat,
1115 2685 1194 2750 unde
1221 2686 1270 2751 his
1302 2684 1375 2749 visis
1399 2703 1436 2748 ne
1456 2698 1577 2748 annena

215 2768 419 2852 periclitetur,
460 2772 507 2837 uti
541 2775 572 2837 et
603 2773 668 2856 ipse
703 2774 890 2840 annonarius
929 2774 1079 2858 magister
1120 2771 1312 2837 civitatensis
1343 2769 1575 2854 supplicaverat

217 2875 272 2941 pre
297 2858 364 2941 ejus
388 2860 573 2926 conductum
596 2861 634 2927 ad
655 2861 825 2942 civitatem,
864 2861 973 2928 resolvi
1008 2877 1063 2944 pro
1097 2859 1217 2925 meliori
1248 2878 1315 2925 esse
1348 2878 1404 2943 per
1434 2856 1576 2923 subditos

217 2945 344 3010 comitis
368 2945 440 3011 bani
461 2947 636 3015 universam
660 2950 815 3033 adportari
847 2968 965 3027 curere,
996 2967 1072 3032 quae
1101 2947 1214 3013 etheit
1237 2965 1255 3012 a
1279 2947 1399 3013 civibus
1420 2945 1453 3011 in
1472 2945 1579 3009 tutum

217 3035 249 3098 et
265 3033 461 3098 commodum
484 3036 624 3118 deposita
645 3037 748 3103 locum
773 3038 838 3102 sine
862 3037 953 3102 unius
977 3035 1084 3120 veguli
1107 3033 1317 3100 distractione.
1357 3033 1457 3100 Audio
1480 3031 1577 3097 etiam

217 3120 367 3199 accusari,
386 3139 435 3186 me
461 3123 593 3188 voluisse
616 3125 650 3189 in
674 3125 812 3207 praefata
828 3125 954 3189 civitate
978 3122 1177 3208 Zagrahiensi
1200 3122 1401 3188 ducentorum
1417 3118 1579 3186 hominum

217 3208 317 3271 locare
342 3209 538 3289 praesidium,
564 3214 640 3295 quod
665 3214 771 3278 tamen
802 3229 861 3277 nen
893 3211 1036 3278 effectum
1060 3230 1118 3276 neu
1142 3229 1228 3294 nege,
1250 3209 1492 3276 clementissime
1514 3205 1577 3270 im·

218 3296 359 3377 perater;
380 3295 455 3359 haec
477 3298 582 3362 autern
606 3299 672 3364 erat
687 3299 826 3365 intentio.
853 3298 1009 3382 Siquidem
1032 3299 1146 3365 misera
1168 3316 1245 3381 gens
1268 3317 1287 3362 a
1309 3293 1577 3380 strepitatienibus

220 3380 337 3445 demini
358 3380 559 3469 Bnkovatahy
582 3388 747 3468 perterrita
768 3386 840 3452 hinc
863 3385 934 3451 inde
957 3386 1021 3451 suis
1041 3385 1176 3452 miseriis
1196 3385 1391 3469 profugiebat
1413 3385 1446 3449 et
1469 3380 1576 3448 inviis

217 3469 311 3534 etiarn
336 3470 591 3553 depredabantur,
612 3475 686 3539 tunc
708 3474 746 3539 ad
776 3492 972 3540 communem
996 3473 1178 3540 instantiam
1209 3474 1439 3556 assiguaueram
1467 3469 1580 3536 civita·

219 3559 282 3621 tem
307 3558 723 3644 prererumreceptacu103
757 3581 795 3628 ne
821 3564 925 3627 autem
957 3581 1011 3646 por
1040 3561 1179 3627 hemines
1210 3559 1376 3626 dissolutus
1398 3557 1575 3642 periculum

218 3645 367 3724 subirent,
394 3663 445 3728 pro
461 3647 602 3714 custodia
625 3650 798 3716 necessaria
820 3668 872 3715 ees
896 3649 961 3714 200
990 3648 1137 3732 deputare
1161 3647 1311 3715 volebam.
1340 3645 1429 3726 Quod
1448 3647 1575 3710 demum

219 3733 322 3815 plnres
354 3733 450 3799 etiam
484 3737 677 3818 operationes
711 3739 742 3803 in
773 3739 923 3806 maximos
945 3737 1188 3820 interpretentur
1211 3753 1376 3810 excessus;
1411 3733 1438 3799 si
1470 3733 1574 3798 vostra

218 3822 354 3886 maestas
378 3823 589 3889 sacratissima
611 3825 832 3909 benignissime
859 3824 1102 3902 demandaverit,
1134 3824 1259 3908 paratus
1289 3841 1359 3888 sum
1383 3823 1420 3887 de
1447 3817 1578 3904 singulis

220 3906 345 3973 reddere
368 3911 529 3987 rationem,
564 3931 640 3996 quae
675 3914 702 3978 si
739 3913 876 3978 effective
907 3912 1085 3978 extitissent
1119 3911 1164 3977 ita
1186 3911 1342 3994 malignae
1366 3911 1399 3974 et
1427 3907 1580 3984 infideles,

219 3995 321 4077 prouti
343 3997 576 4082 spargebantur,
599 3999 728 4086 quisque
751 4002 937 4083 sapientium
952 3999 1089 4083 judicare
1105 3999 1218 4084 potest,
1242 4016 1303 4063 non
1318 3997 1455 4081 profecto
1474 4011 1578 4062 ceram

218 4081 371 4164 capitulis,
394 4083 639 4163 civitatensibus,
663 4087 808 4154 claustris
831 4089 863 4153 et
884 4088 1081 4153 monasteriis
1106 4086 1210 4171 palam
1234 4085 1450 4163 edidissemus,
1473 4101 1580 4150 verum

220 4171 372 4234 accuratis
396 4173 427 4236 et
450 4171 576 4238 secretis
599 4175 742 4241 terminis
763 4175 946 4242 seditionem
968 4174 1156 4251 sevissimus,
1191 4193 1247 4240 nec
1270 4175 1341 4239 ante
1364 4175 1488 4256 tempus
1511 4187 1582 4253 pro-

219 4257 448 4340 rupuissemus3
472 4261 517 4324 nti
541 4261 636 4326 etiam
667 4282 702 4327 ex
734 4262 789 4329 hec
821 4265 869 4328 vel
892 4264 1025 4328 maxime
1054 4265 1183 4346 apparet
1212 4280 1369 4345 nunquam
1403 4261 1435 4324 in
1467 4257 1579 4325 animis

220 4345 333 4409 uestris
357 4346 492 4412 simulem
516 4347 659 4414 habuisse
694 4369 870 4433 pemersam
906 4350 1120 4428 intentionem,
1154 4369 1225 4416 nam
1257 4349 1364 4427 tantis,
1399 4345 1581 4414 lieet'ante

218 4450 328 4498 causae
351 4435 568 4516 cognitionem,
591 4437 725 4520 peractis
758 4439 789 4503 iu
822 4457 876 4503 nes
898 4438 1174 4522 persecutionibus,
1206 4455 1242 4502 ac
1272 4437 1419 4502 bonomm
1442 4433 1581 4501 emnium

220 4521 486 4586 devastationibus
510 4523 559 4588 vel
582 4524 743 4591 minimam
767 4525 896 4592 fecimus
920 4525 1139 4601 resistentiam,
1163 4527 1218 4590 aut
1230 4524 1362 4589 frameas
1378 4523 1409 4587 in
1425 4520 1581 4605 propriam

221 4609 454 4691 evaginuuimus
477 4610 700 4688 defensionem3
723 4613 937 4696 gloriabantur
967 4612 1091 4696 quidem
1122 4611 1291 4679 adversarii
1314 4609 1413 4677 nestri
1436 4611 1468 4675 et
1490 4608 1582 4691 plane

222 4712 257 4760 ee
280 4697 458 4772 tendebant,
484 4717 538 4764 nes
569 4698 608 4763 ad
643 4701 837 4784 desperatum
873 4699 1010 4784 redigere
1045 4702 1172 4778 statum
1197 4700 1242 4765 uti
1265 4698 1408 4764 dominus
1430 4694 1583 4780 generalis

221 4781 479 4850 Carlestadiensis
503 4786 541 4851 ob
565 4805 652 4854 suam
674 4787 875 4854 immaturam
898 4788 1168 4872 depraedationem
1184 4788 1215 4852 in
1231 4786 1324 4853 curiis
1352 4783 1583 4864 nobilitaribus,
