3524 5286
206 386 249 450 22

211 563 298 628 visne
320 561 415 641 detto,
441 560 518 625 faeci
541 579 648 644 pascar
670 561 791 640 lettere,
816 562 848 626 et
869 577 981 626 ancora
1003 577 1132 642 persone
1170 577 1312 640 espresse
1343 559 1374 622 in
1400 557 1578 625 Constanti·

212 650 325 732 nopoli.
351 653 399 726 (U
419 653 538 727 eifrolr.)
564 649 596 713 Si
620 650 669 714 sta
691 649 742 731 qni
767 667 887 730 sempre
910 648 964 730 piu
987 647 1024 712 sd
1045 648 1066 710 l’
1082 665 1205 712 esserra
1214 647 1315 726 tione,
1340 649 1373 711 et
1396 665 1449 728 per
1472 646 1577 730 quello

213 739 239 802 si
263 737 322 819 pud
346 737 572 817 comprendere,
597 739 709 800 essersi
732 736 900 800 deliberato
922 735 953 799 di
976 735 1088 818 toglier
1110 734 1252 798 aanchi
1276 735 1358 798 tutte
1380 734 1400 797 l'
1420 734 1574 799 occasioni

211 827 241 888 di
265 825 311 889 far
335 824 459 889 nuoritd
483 827 515 887 et
537 826 683 906 apportar
702 824 845 888 molestie
860 823 913 886 all’
928 823 1123 906 imperatore,
1148 822 1292 902 penetrar
1314 821 1363 904 poi
1386 821 1458 905 ogni
1481 823 1577 886 anda-

211 921 327 978 mento.
347 913 383 975 In
407 915 494 976 tanto
517 911 548 976 la
571 912 713 994 maggior
735 913 822 994 parto
845 911 924 993 degl'
948 909 1064 992 Ongari
1087 911 1170 974 rasta
1186 908 1400 992 soggettaallo
1416 909 1576 975 contribu-

211 999 296 1072 tioni,
321 1017 410 1062 enen
434 998 568 1063 cedendo
591 999 817 1081 riparoalcnno
840 998 903 1062 alla
924 998 989 1063 loro
1011 996 1133 1065 infelice
1157 1000 1250 1075 sorte,
1276 1014 1427 1081 spargono
1442 998 1576 1062 concetti

210 1087 242 1150 di
265 1087 471 1169 disperatione
495 1086 641 1152 edicone
666 1088 757 1151 dovor
780 1086 921 1152 nbbidire
944 1103 962 1148 a
985 1085 1108 1165 'turchi
1130 1085 1255 1150 devenir
1278 1085 1342 1150 loro
1365 1082 1495 1150 schiavi.

261 1177 291 1236 U
309 1177 479 1238 mareotem
500 1178 618 1238 artiora.

866 1362 930 1446 29.

214 1494 309 1564 1667,
334 1495 354 1550 9
375 1493 476 1568 regina
503 1471 646 1551 Uatocuc.
681 1492 760 1551 loca
788 1489 827 1549 Ε.
849 1509 894 1566 pr.
925 1491 962 1550 od
991 1489 1172 1550 Raiastca'rca
1200 1490 1214 1548 a·
1247 1489 1454 1563 Tertonpsake
1482 1487 1577 1549 ibere

489 1579 582 1639 Potor
604 1579 729 1639 Zriasti
751 1580 944 1652 cooperiendis
965 1579 993 1637 si
1014 1579 1144 1652 ojcraost
1165 1581 1177 1638 e'
1193 1578 1306 1651 comeo.

321 1787 387 1870 Ego
409 1786 543 1852 Josnnes
565 1789 735 1866 Erasmus,
769 1806 873 1853 comes
903 1787 1108 1853 aReinstain
1139 1791 1170 1852 et
1201 1785 1396 1868 1616666616,
1428 1785 1496 1850 iuro
1525 1804 1578 1866 per

216 1875 307 1939 deum
331 1875 541 1940 immortalem
565 1879 597 1940 et
621 1877 734 1953 virum,
759 1875 810 1958 qni
827 1895 877 1939 me
898 1876 1022 1952 creavit,
1047 1895 1097 1939 me
1119 1874 1333 1939 illustrissimo
1355 1873 1480 1938 domino
1497 1873 1576 1936 bano

218 1963 310 2027 Petro
334 1963 352 2026 6
375 1961 465 2027 Zrino
496 1982 556 2028 non
589 1964 687 2028 solum
719 1982 816 2044 usqne
848 1965 885 2028 ad
917 1965 1088 2027 extremum
1121 1963 1203 2026 ritae
1234 1962 1380 2044 spiritum
1403 1961 1524 2026 fidelem
1545 1963 1579 2024 et

214 2051 407 2114 constantem
440 2050 598 2127 futurum,
632 2051 698 2115 eius
722 2051 851 2115 consilia
882 2051 913 2114 et
944 2069 1035 2133 opera
1067 2050 1144 2113 nulli
1177 2050 1354 2114 mortalium
1387 2052 1579 2131 aperturum,

219 2137 273 2202 sed
295 2138 393 2219 ipsine
416 2137 571 2202 fortunam
597 2139 629 2202 et
651 2138 851 2202 intentionem
876 2139 960 2202 omni
984 2137 1123 2219 possibili
1148 2138 1247 2212 medo,
1272 2135 1410 2213 consilio,
1432 2137 1465 2199 et
1486 2152 1577 2218 opere

217 2227 441 2308 promoturum,
466 2227 565 2306 ipsum
591 2227 685 2290 etiarn
710 2229 740 2288 in
764 2225 851 2291 bonis
875 2226 924 2289 rel
947 2224 1094 2302 adversis,
1119 2224 1296 2306 etquidem
1320 2242 1390 2288 cum
1413 2223 1579 2288 amissione

215 2312 374 2394 sanguinis
409 2313 491 2376 ritae
523 2332 627 2390 meae,
657 2331 815 2395 nunquam
849 2313 1067 2377 derelicturum
1090 2312 1139 2377 vel
1162 2312 1370 2394 pallaturump
1405 2310 1449 2374 sic
1470 2313 1507 2373 nt
1530 2329 1579 2374 me

215 2401 291 2464 dens
314 2400 451 2476 adiuret,
476 2403 507 2464 et
530 2404 639 2465 sancta
662 2401 729 2466 eius
753 2401 921 2483 evangelia.
946 2399 1040 2464 Onins
1063 2402 1095 2464 in
1119 2400 1212 2465 fidem
1248 2398 1326 2463 hanc
1358 2397 1580 2482 obligationem

213 2489 337 2570 propria
360 2505 455 2551 manu
479 2488 649 2571 subscripsi
673 2489 705 2552 et
719 2489 799 2553 hanc
820 2489 988 2554 fraternam
1011 2487 1213 2571 obligatioem
1236 2504 1344 2551 eoram
1367 2485 1424 2550 deo
1446 2485 1581 2550 subscri·

215 2577 313 2640 bondo
336 2576 540 2640 corroboravi.

299 2661 469 2728 simillima
491 2664 540 2727 est
559 2663 705 2748 obligatio
719 2663 840 2728 comitis
860 2661 956 2728 Zrinii
979 2681 1050 2727 cnm
1064 2661 1161 2730 Joane
1183 2661 1314 2729 Erasmo
1335 2679 1354 2726 n
1377 2661 1579 2745 Tattenpucb.

317 2837 492 2903 Notata:
516 2839 649 2922 quaein
675 2857 749 2905 casu
772 2839 992 2904 consideranda
1019 2840 1112 2903 sunt:

318 2926 478 2992 Primo:
504 2928 644 3009 potencia
667 2927 837 2992 adversarii
857 2947 912 3010 per
936 2947 985 3002 se;
1006 2926 1137 3002 auxilia,
1162 2945 1220 3008 qne
1234 2926 1381 3008 subsequi
1405 2925 1536 3008 possunt
1559 2943 1578 2988 a

214 3014 341 3096 regibus
365 3017 397 3078 et
423 3014 622 3097 principibus.
646 3013 695 3078 An
718 3033 779 3079 non
800 3016 936 3079 aTurca
957 3014 988 3078 in
1011 3014 1070 3078 tali
1102 3015 1258 3078 occasione
1294 3014 1412 3078 bellum
1443 3015 1575 3096 atergo

215 3103 423 3166 mouendum?
447 3102 519 3184 qnid
544 3103 683 3179 confinia,
708 3100 881 3178 sclavonia,
910 3101 1073 3177 Carniolia,
1106 3099 1286 3178 Oarintlria,
1319 3100 1392 3182 qnid
1415 3100 1580 3165 Venetiani

215 3188 349 3252 facturi?
375 3187 462 3253 Unde
486 3190 573 3254 nobis
592 3190 742 3254 auxilinm
766 3191 797 3252 in
819 3207 892 3254 casn
914 3189 1075 3271 unicuique
1104 3189 1361 3253 succumbentia?
1392 3187 1455 3253 Ubi
1481 3187 1582 3252 offici·

215 3276 280 3339 ales
304 3275 440 3357 experti,
473 3283 504 3338 et
535 3277 694 3358 generales
726 3276 905 3358 pedestres?
941 3277 1001 3342 Ubi
1026 3279 1138 3340 arma?
1170 3276 1224 3340 nbi
1248 3276 1294 3339 rol
1319 3277 1400 3340 nnde
1421 3275 1579 3341 munitio?

216 3363 269 3427 nbi
292 3380 413 3426 annona
438 3363 617 3428 sufficiens?
639 3362 688 3426 An
712 3383 771 3428 non
797 3381 905 3446 passus
928 3363 1066 3446 predari,
1100 3363 1152 3426 nbi
1183 3364 1332 3427 auxilium
1366 3361 1579 3446 sperandum?

219 3450 279 3514 Ubi
303 3468 415 3514 nervus
440 3449 524 3526 belli,
549 3451 717 3531 peccunia?
748 3451 829 3514 Item
852 3453 926 3532 quot
949 3450 1064 3525 millia,
1089 3469 1147 3515 non
1170 3450 1310 3532 putative
1337 3449 1392 3515 sed
1415 3451 1578 3532 procerte

221 3541 253 3601 et
276 3537 424 3614 effective,
450 3555 636 3620 congregare
658 3541 845 3621 possumus?
868 3541 900 3600 et
924 3538 976 3620 qui
1000 3538 1046 3603 illi
1071 3539 1185 3602 erunt?
1209 3539 1347 3603 Ultimo:
1370 3557 1409 3602 an
1432 3535 1577 3619 possibile

217 3627 277 3690 erit
296 3644 391 3707 usqne
415 3625 453 3689 ad
478 3627 749 3709 congregationem
772 3624 951 3707 populorum
975 3645 1041 3690 rem
1061 3627 1092 3689 in
1111 3625 1168 3689 tali
1192 3625 1316 3690 silentio
1329 3628 1432 3689 tenere
1455 3643 1492 3688 ne
1508 3625 1577 3706 pal·

220 3712 356 3778 liseturl
379 3716 412 3776 et
428 3711 496 3794 quis
520 3715 678 3795 pretextus
707 3713 822 3778 summi
844 3711 959 3796 possit,
984 3714 1019 3779 nt
1050 3731 1205 3795 nunqnam
1236 3713 1415 3778 advertatur
1439 3713 1575 3795 proposi·

219 3803 309 3863 tum?
333 3800 419 3864 Haec
440 3799 527 3883 prins
550 3800 746 3879 debettnnda‚
769 3803 825 3864 ant
847 3800 924 3866 alias
952 3800 1166 3866 ommittenda.

265 3889 295 3949 U
312 3890 491 3963 peccattoris
513 3891 661 3950 Joaeaeu.
686 3890 757 3951 Ueri.
777 3908 824 3951 rar.
848 3893 920 3950 719.

865 4078 928 4161 30.

217 4205 309 4274 1668,
334 4204 376 4288 12
396 4203 536 4276 fcbbrajo.
564 4199 687 4262 Vienna.
710 4203 810 4263 Alclca.
834 4202 1000 4274 Barnardo,
1027 4205 1125 4278 tujna'lc
1147 4205 1205 4265 laod
1226 4205 1405 4278 mlctadlcopa
1423 4203 1575 4276 posterrio-

217 4297 274 4362 tco,
298 4291 453 4363 ianicdduje
476 4309 493 4350 o
514 4307 676 4363 raapocoru
699 4307 715 4349 s
733 4291 848 4350 Patrem
867 4291 1026 4363 Uriaslcim,
1044 4294 1107 4366 aoja
1130 4291 1207 4352 troii
1225 4292 1326 4365 pomos
1335 4292 1419 4364 prot-i
1433 4291 1577 4350 Turbine.

320 4410 519 4474 Eritornato
541 4407 570 4471 d’
594 4408 752 4490 Ungheria
774 4409 929 4491 superiore
961 4411 984 4472 il
1015 4411 1119 4494 signer
1150 4412 1238 4475 conte
1270 4409 1374 4474 Pietro
1401 4410 1432 4474 di
1457 4410 1575 4489 Sdrino‚

215 4498 271 4564 che
294 4497 327 4562 lu
349 4497 391 4562 ivi
423 4514 479 4561 oon
511 4497 714 4577 permissione
745 4497 827 4561 della
860 4497 980 4561 maesta
1010 4497 1080 4560 dell'
1097 4499 1282 4579 imperatore
1316 4515 1369 4578 per
1393 4515 1576 4578 componere

217 4587 326 4651 alcune
348 4583 510 4649 differenae
534 4584 563 4648 di
589 4583 735 4666 religione
770 4585 819 4648 tra
841 4583 937 4666 quelli
968 4585 1153 4665 protestanti
1183 4587 1215 4648 et
1247 4584 1278 4648 la
1300 4585 1493 4666 principessa
1515 4585 1579 4650 Ra·

217 4673 311 4757 goazi‚
335 4670 391 4736 che
415 4671 551 4754 professa
574 4671 605 4736 la
620 4671 782 4748 cattolica3
808 4672 839 4735 et
861 4689 921 4735 non
945 4671 1084 4737 havendo
1100 4673 1210 4754 potnto
1230 4670 1370 4736 deffinire
1392 4671 1577 4737 totalmente

216 4760 308 4844 quell'
326 4759 438 4838 afferri,
465 4760 492 4824 si
514 4756 531 4822 b
554 4758 709 4842 applicato
734 4778 754 4824 a
776 4758 966 4824 riconosoere
997 4759 1021 4824 li
1047 4759 1180 4842 pensieri
1210 4757 1290 4842 degl’
1303 4757 1457 4843 Ungheri,
1491 4757 1525 4824 et
1545 4759 1576 4825 le
