3544 5288
253 425 320 492 406

255 603 356 688 biguis
380 601 494 681 literis,
514 603 686 686 colloquiis,
708 595 907 680 discursibus,
933 602 1126 680 tractatibus,
1161 603 1289 688 aliisque
1320 605 1510 688 argumentis
1541 623 1608 670 rem

256 691 452 775 cooperiendo
489 693 612 774 protuli,
644 710 724 757 nuno
753 693 911 758 immerito
934 692 965 756 in
988 693 1115 775 probam
1136 692 1209 758 facti
1238 692 1448 773 adducuntur;
1481 692 1519 758 do
1552 694 1607 772 eis,

256 799 334 863 quae
367 779 512 844 simulate
549 780 663 863 absque
695 781 760 846 ulls
784 782 915 863 pernicis
949 798 1038 845 ame
1070 785 1143 845 sunt
1173 783 1307 864 peraeta,
1341 801 1401 846 non
1429 783 1524 859 uideo,
1554 800 1610 847 our

256 871 321 932 tam
345 867 434 932 acute
459 868 659 933 examinanda
692 870 725 933 et
746 867 881 952 rigorose
904 868 1064 933 iudicanda
1089 873 1269 946 censentur;
1287 871 1424 934 attamen
1452 871 1556 934 exacte
1569 867 1608 933 ad

256 956 311 1020 illa
327 972 444 1040 quoque
468 957 663 1038 respondebo.
688 954 753 1021 Nec
776 957 858 1022 enim
889 959 1128 1022 consentaneum
1152 975 1268 1034 censeo,
1302 957 1412 1023 multis
1447 957 1608 1022 verborum

260 1044 444 1128 ambagibus
465 1045 548 1109 entia
571 1046 636 1108 sine
659 1044 842 1110 necessitate
873 1044 1089 1127 multiplioare,
1125 1063 1194 1109 oum
1236 1045 1328 1110 autea
1361 1045 1494 1110 realibus
1527 1045 1607 1111 actis

257 1134 290 1197 ct
313 1131 414 1198 uerbis
438 1132 595 1196 euidenter
618 1133 826 1197 sinceritatem
850 1135 881 1197 et
902 1133 1064 1198 veritatem
1089 1133 1280 1215 comprobavi.

361 1219 414 1284 De
437 1221 722 1303 Frangepano,
747 1222 820 1285 nota
841 1221 888 1286 εει
911 1221 996 1286 illius
1019 1220 1190 1304 antipathia
1213 1239 1267 1286 seu
1289 1220 1452 1287 inimicitia
1479 1239 1611 1298 meeum,

259 1307 322 1373 sive
343 1307 374 1372 id
401 1307 504 1372 euenit
536 1310 575 1372 ob
604 1307 751 1378 iuvidiam
787 1327 840 1373 ssu
871 1311 971 1374 certas
1001 1310 1228 1391 praetensiones
1260 1308 1395 1374 lemilias
1425 1309 1474 1374 uel
1507 1309 1613 1373 forsan

257 1397 431 1479 utrumqne.
456 1396 621 1461 Praeterea
644 1396 740 1461 voluit
761 1397 809 1462 sni
832 1397 947 1480 ingenii
971 1397 1155 1474 subtilitate,
1179 1399 1215 1462 ut
1245 1396 1358 1480 Aesopi
1395 1397 1501 1480 vulpes
1537 1415 1610 1460 eum

258 1484 329 1566 lupo
364 1483 408 1548 sic
442 1485 495 1548 ille
518 1483 597 1548 falsa
617 1484 697 1549 ueris
721 1485 875 1550 miscendo
897 1505 952 1567 ρει
974 1503 1057 1550 meos
1077 1485 1221 1550 humeros
1244 1505 1280 1550 ex
1301 1485 1387 1550 fovea
1407 1485 1523 1550 exilire.
1537 1484 1611 1550 Vidi

213 1643 218 1652 ,
260 1571 292 1636 in
315 1571 378 1636 suis
399 1573 533 1653 scriptis,
554 1571 607 1637 ubi
630 1572 751 1637 extollit
773 1592 862 1637 suum
885 1573 1021 1638 laborem
1051 1573 1228 1638 mirabilem
1262 1569 1475 1650 stabelonem,
1504 1573 1536 1636 in
1573 1591 1608 1638 eo

258 1660 338 1742 quod
374 1679 422 1723 ms
456 1660 606 1724 Viennam
641 1660 776 1738 adduxit,
800 1662 860 1726 alia
882 1663 975 1726 etiam
999 1661 1099 1744 magis
1130 1662 1205 1740 dira,
1241 1679 1319 1744 quae
1349 1659 1453 1726 horret
1487 1660 1610 1724 animus

256 1748 347 1830 plane
370 1748 513 1831 cogitare,
534 1767 604 1812 cum
628 1749 802 1831 eloquentia
825 1751 971 1815 euomuit.
987 1748 1047 1816 Sed
1070 1749 1120 1815 vel
1143 1767 1202 1814 nou
1225 1750 1341 1814 occurit
1356 1749 1412 1828 illi,
1429 1748 1478 1813 vel
1494 1747 1611 1813 oblitus
1688 1771 1692 1780 ·

255 1834 326 1914 suit,
348 1835 403 1900 aut
426 1835 528 1917 potius
551 1836 629 1899 sciro
651 1836 753 1918 piget,
777 1839 897 1919 patrem
921 1837 1040 1902 Foratal
1064 1855 1112 1902 me
1128 1837 1250 1902 misisse
1273 1839 1309 1902 ad
1339 1835 1432 1903 Suam
1462 1836 1613 1902 Maiesta-

257 1926 331 2001 tem,
354 1923 505 1988 offerendo
529 1942 578 1988 me
602 1922 640 1988 ad
664 1925 798 2006 primum
821 1937 933 1989 nutum
965 1925 1043 1990 Suae
1074 1925 1248 1992 Maiestatis
1283 1926 1363 1991 velle
1397 1945 1445 1990 ms
1482 1926 1610 1989 venire?

256 2011 452 2088 Multaalie,
476 2011 649 2094 quaemihi
673 2012 802 2093 inputat
827 2013 928 2078 forsan
952 2011 1035 2076 solus
1067 2014 1217 2092 cassavit,
1249 2012 1352 2078 forsan
1386 2015 1418 2078 et
1453 2012 1611 2087 exercuit;

256 2099 309 2164 sed
333 2100 429 2164 simos
452 2099 544 2163 ambo
567 2099 745 2182 culpabiles,
770 2101 852 2165 male
867 2098 943 2166 lecit
964 2099 1017 2164 ille
1040 2100 1116 2166 talia
1136 2099 1284 2180 faciendo,
1310 2103 1390 2168 mele
1406 2100 1464 2165 ieci
1477 2119 1533 2184 ego
1550 2099 1610 2183 ipsi

256 2188 470 2264 concredendo,
495 2205 550 2251 neo
573 2187 744 2252 concredidi
767 2190 821 2254 sed
855 2189 976 2254 credere
1011 2205 1070 2253 nou
1104 2189 1252 2256 recusavi.
1285 2189 1368 2256 Satis
1402 2191 1443 2254 sit
1473 2187 1608 2254 dixisse:

259 2293 314 2356 „ex
335 2293 436 2357 ungue
459 2275 610 2340 isonem“.

362 2363 408 2428 De
441 2361 625 2445 Orphaei
659 2363 781 2440 literis,
817 2363 942 2447 scriptis
967 2363 1155 2448 Ali-Bago,
1190 2382 1285 2446 usque
1328 2383 1409 2429 nunc
1449 2363 1611 2428 minimam

257 2450 401 2515 notitiam
438 2450 532 2515 habui
567 2468 694 2528 earum,
730 2453 761 2516 et
794 2468 881 2533 spero
915 2453 952 2517 de
986 2453 1118 2517 aliorum
1153 2453 1242 2518 sactis
1275 2470 1355 2516 nou·
1376 2471 1426 2516 me
1459 2451 1613 2517 rationem

255 2538 390 2603 reddere
414 2539 531 2604 debere.
566 2537 660 2618 Quasi
684 2557 754 2604 vero
773 2539 944 2622 Ali-Bogus
978 2540 1015 2606 ad
1050 2541 1228 2606 instantiam
1262 2541 1351 2605 unius
1383 2540 1488 2616 exteri,
1523 2539 1612 2604 cuius

255 2645 310 2692 nec
333 2644 451 2704 nomen,
475 2645 530 2699 nec
553 2644 682 2709 persona
706 2630 786 2705 nota,
820 2646 908 2692 arms
937 2648 1091 2693 summere
1126 2628 1235 2703 vellet;
1265 2630 1420 2712 praeterea
1454 2629 1526 2692 nota
1558 2626 1612 2690 Ali

255 2715 331 2798 Begi
354 2714 493 2793 fatuitas,
517 2717 569 2797 qui
592 2734 647 2779 nec
670 2735 687 2780 a
709 2715 816 2781 'furcis
833 2715 1036 2794 existimatur,
1053 2736 1108 2782 neo
1124 2716 1337 2782 commendam
1354 2716 1489 2799 aliquam
1506 2715 1610 2780 habet.

255 2803 368 2868 Verum
392 2805 458 2869 est:
489 2803 556 2868 dedi
577 2803 623 2867 illi
646 2803 684 2866 ad
709 2804 898 2886 importunas
928 2804 1133 2887 praecationes
1164 2805 1284 2889 aliquas
1315 2805 1429 2868 nullius
1462 2802 1610 2868 momenti

257 2890 444 2956 ordinantias
467 2909 521 2973 pro
544 2891 658 2955 colonis
682 2893 768 2969 meis,
793 2893 845 2975 qui
867 2911 922 2956 nec
944 2911 1039 2971 arma,
1064 2911 1119 2957 neo
1142 2893 1267 2976 genium
1298 2893 1334 2956 ad
1368 2892 1444 2956 talia
1478 2891 1611 2966 bebent;

256 2981 327 3044 sunt
349 2978 484 3043 enimt
454 2979 717 3044 sterilissimorum
742 2981 876 3045 locorum
907 2980 1043 3058 incolae,
1079 2999 1207 3064 quorum
1244 2981 1343 3045 omnis
1377 2979 1464 3045 labor
1497 2980 1546 3044 est
1581 2981 1612 3042 et

255 3066 384 3131 indust
346 3069 434 3130 tue
432 3066 476 3130 de
510 3067 613 3132 disin
636 3067 718 3132 diem
742 3067 835 3133 uitam
860 3069 1037 3150 protrahere
1058 3067 1188 3134 frusulo
1220 3068 1304 3150 panis
1338 3067 1466 3132 eandem
1500 3071 1532 3132 st
1565 3066 1611 3131 fa·

254 3154 373 3219 miliem
397 3156 644 3230 sustentarem
612 3159 644 3219 at
646 3160 747 3219 tamen
770 3155 841 3220 illas
866 3158 985 3221 easdem
1022 3156 1208 3222 ordinantias
1232 3175 1286 3239 per
1316 3155 1408 3220 aliam
1440 3141 1521 3220 viam
1554 3173 1611 3218 an-

256 3241 381 3319 nullavi,
405 3261 458 3307 nec
480 3242 636 3324 Orphaeus
672 3244 764 3308 sciret
797 3245 870 3327 quid
898 3245 938 3308 sit
971 3243 1104 3309 officium
1139 3244 1273 3327 caporoli
1307 3263 1362 3309 nec
1395 3244 1504 3309 sistere
1538 3261 1610 3307 cou-

257 3331 388 3412 paniam,
413 3332 445 3395 et
467 3331 561 3396 simili
584 3330 777 3395 confidissem
800 3331 927 3415 aliquid,
951 3352 1006 3398 nee
1040 3331 1085 3396 lui
1119 3351 1189 3396 cum
1222 3332 1277 3396 illo
1307 3351 1440 3415 unquam
1475 3331 1610 3396 multum

257 3417 431 3496 familiaris,
451 3418 498 3483 vix
515 3421 610 3483 ternis
635 3418 752 3484 uicibus
768 3419 929 3502 aliquando
952 3441 1019 3484 sum
1044 3440 1114 3486 cum
1139 3421 1193 3484 illo
1215 3420 1346 3485 locutus.
1369 3420 1506 3503 Denique
1522 3418 1611 3503 quid-

258 3506 329 3590 quid
353 3525 371 3570 a
394 3523 442 3570 me
465 3507 640 3589 petierunt,
665 3524 724 3571 non
748 3507 834 3590 potui
857 3507 920 3572 illis
944 3508 1095 3591 denegare
1118 3509 1241 3591 propter
1263 3509 1326 3572 iam
1350 3510 1422 3571 ants
1444 3527 1462 3572 a
1484 3525 1532 3570 me
1564 3526 1611 3571 re·

255 3595 403 3659 censitam
427 3613 561 3659 causam.
586 3593 668 3674 Quae
690 3597 795 3659 tamen
819 3595 1037 3677 praeiudiciosa
1059 3596 1097 3660 ad
1120 3595 1243 3660 modum
1267 3597 1408 3679 cogitaui,
1433 3614 1468 3660 ea
1480 3595 1609 3678 neglexi.

255 3682 335 3747 Novi
358 3682 464 3746 ambos
488 3682 600 3747 similis
623 3681 739 3748 farinae
764 3702 840 3760 esse,
862 3702 916 3748 neo
939 3686 1070 3749 multum
1097 3684 1189 3749 fidere
1212 3683 1329 3748 debere.
1355 3681 1483 3748 Adverti
1506 3684 1610 3748 omnia

256 3769 373 3854 operari
399 3769 468 3835 illos
491 3772 522 3836 in
545 3770 710 3854 perniciem
734 3789 845 3850 msam,
878 3772 938 3836 vidi
959 3791 1016 3838 uon
1050 3773 1111 3837 alia
1145 3771 1331 3855 quaesivisse
1363 3772 1608 3855 Frangepanum,

255 3877 344 3941 quam
370 3859 575 3925 destructione
599 3879 667 3923 mea
690 3876 778 3941 posse
801 3878 833 3924 ss
856 3877 1043 3942 regenerare.

358 3945 512 4025 Quantum
538 3959 608 4012 vero
631 3949 667 4012 ds
691 3947 860 4012 Rudolfi
883 3949 920 4012 ad
950 3946 1278 4031 Tatenpachium
1309 3945 1454 4013 missione
1486 3946 1607 4024 attinet,

254 4034 304 4099 bic
327 4036 414 4099 rideo
434 4035 534 4098 iatum
557 4036 694 4116 operari;
719 4035 799 4099 volui
823 4037 935 4100 etenim
958 4035 1054 4099 alium
1079 4037 1214 4110 mittere,
1237 4034 1289 4098 sed
1314 4053 1420 4100 omues
1437 4035 1523 4119 quasi
1539 4037 1608 4100 uino

253 4122 367 4205 sepulti
390 4121 591 4200 dormiebant,
613 4123 662 4186 bic
685 4123 770 4187 solus
791 4124 909 4187 sobrius
941 4125 1094 4199 existens;
1126 4125 1152 4187 si
1185 4122 1308 4206 quidem
1345 4122 1517 4188 maturauit
1549 4123 1608 4187 iter

252 4211 382 4275 servitor
402 4210 609 4293 Tatsnpacbii,
631 4212 666 4275 ut
688 4209 821 4283 festinet,
843 4211 916 4294 quia
938 4230 973 4276 ao
996 4213 1090 4277 ueluti
1113 4231 1180 4277 cras
1204 4211 1327 4276 deberet
1349 4210 1467 4276 reddire
1490 4212 1527 4276 ad
1557 4212 1608 4274 do-

253 4298 369 4362 minum
383 4317 472 4362 sunm
493 4298 675 4373 Graecium3
699 4317 753 4363 nec
770 4299 857 4380 plura
881 4298 919 4362 ad
933 4299 1129 4382 Rudolphum
1152 4298 1230 4364 dixi:
1258 4299 1454 4383 ,interrogea
1473 4300 1606 4383 inquam,

250 4385 340 4450 illum
363 4385 401 4450 de
423 4388 505 4450 omni
528 4385 610 4450 statu
634 4405 744 4465 rerum,
769 4390 800 4451 et
823 4387 903 4470 quod
925 4387 1051 4452 exitium
1074 4388 1105 4452 in
1130 4387 1324 4462 messuitur,
1358 4388 1385 4452 si
1416 4388 1447 4452 te
1478 4388 1608 4452 iuterro-

252 4474 339 4556 gabit
364 4474 401 4538 de
425 4477 509 4539 motu
533 4475 602 4546 isto,
624 4473 707 4538 dicas
725 4493 838 4552 secure,
862 4475 941 4540 nihil
962 4475 1021 4558 ipsi
1046 4476 1155 4540 timere
1179 4476 1309 4550 debsro;
1333 4476 1448 4557 poteris
1482 4475 1530 4540 illi
1560 4493 1606 4540 rs-

252 4580 374 4626 csnsere
398 4561 435 4625 de
460 4561 722 4664 promissionibus
735 4563 922 4635 Turoarum,
945 4563 997 4627 ssd
1022 4563 1097 4627 mibi
1128 4566 1234 4627 contra
1265 4565 1404 4628 naturam
1441 4567 1500 4638 est
1536 4581 1604 4626 cum

207 4685 211 4696 ·
251 4649 390 4732 Torcist
376 4653 488 4726 Monere
505 4652 536 4715 et
552 4669 607 4714 nec
626 4651 656 4713 in
674 4651 775 4714 animo
799 4649 946 4714 mihit
899 4654 955 4724 est,
980 4650 1041 4714 salt
1028 4654 1091 4716 tem
1117 4669 1153 4713 ue
1176 4652 1298 4714 deserar
1328 4651 1367 4715 ab
1384 4651 1602 4733 imperatore;“

250 4738 325 4801 baso
348 4737 471 4802 fuerunt
495 4756 563 4803 mea
587 4738 698 4802 nuncia
720 4757 773 4820 per
796 4701 974 4815 liudolfum,
1000 4757 1054 4803 nec
1073 4741 1174 4816 autea,
1199 4757 1254 4802 nso
1279 4742 1359 4821 post,
1377 4757 1431 4804 nec
1448 4756 1516 4803 msa
1531 4738 1601 4815 vite,

252 4843 306 4890 nec
329 4824 524 4908 perlitatae,
548 4845 602 4890 nec
626 4827 777 4904 oretenus,
811 4843 865 4890 nec
900 4845 953 4909 per
987 4826 1062 4890 alios
1091 4827 1221 4892 tractavi
1251 4843 1323 4892 cum
1352 4825 1408 4892 illo
1439 4827 1476 4891 de
1507 4825 1607 4909 aliqua
