3544 5288
239 425 304 494 488

234 606 345 672 uerunt
367 604 424 669 boc
447 604 563 688 optima
581 605 685 688 magni
708 604 756 670 illi
778 604 1186 686 imperatoresTbeodosius,
1199 603 1350 670 Areaffius
1372 605 1405 669 et
1426 603 1594 680 Honorius,

232 693 353 777 quando
376 692 500 758 Ruffino
523 692 676 774 praefacto
699 693 852 775 praetorio
874 692 991 759 dabant
1012 692 1044 757 in
1068 691 1234 772 mendatis,
1266 711 1305 757 ne
1327 691 1433 774 populi
1453 693 1534 756 inter
1559 709 1595 756 se

232 781 472 846 obtrectationes
496 780 580 845 illico
604 780 707 862 poenis
731 781 913 864 castigaret;
937 781 1099 864 quoniam,
1135 779 1273 862 ajebant,
1298 779 1325 845 si
1348 779 1378 844 id
1401 797 1437 845 ar
1460 779 1594 844 leuitate

231 869 426 954 processerit,
451 870 708 933 contemnendum
733 871 790 946 ast,
824 869 851 932 si
875 889 910 933 er
931 869 1050 933 insania
1073 869 1122 934 rel
1143 868 1366 951 desperatione,
1390 868 1591 932 commisera-

232 958 314 1022 tione
337 956 575 1041 dignissimum·
597 957 623 1020 si
645 956 685 1020 ab
708 955 830 1039 injuria,
854 957 1058 1022 renitendum.
1083 954 1143 1041 (ita
1165 956 1214 1021 lex
1237 955 1327 1022 unica
1349 955 1370 1022 l.
1394 955 1422 1022 si
1444 954 1514 1038 quis
1531 955 1593 1018 im·

233 1047 330 1128 perat.
355 1045 513 1121 maladir.)

339 1132 611 1197 Danenharoauch
634 1131 681 1197 nit
703 1132 904 1214 genugsamb,
926 1149 1005 1216 pass
1028 1132 1068 1198 da
1091 1135 1200 1215 gesagt
1212 1131 1333 1198 werden
1357 1129 1432 1208 uill,
1455 1131 1525 1194 dass
1542 1128 1594 1192 dia

235 1219 432 1303 dargleichen
455 1219 549 1284 wider
562 1219 643 1284 mioh
668 1217 812 1284 verirebta
825 1219 979 1285 attentata
996 1221 1059 1285 und
1071 1221 1237 1285 uiolentian
1249 1218 1296 1285 nit
1310 1219 1358 1284 als
1369 1219 1471 1303 privat
1483 1215 1593 1292 ieindt,

234 1307 365 1373 sondaru
388 1325 459 1372 ausa
482 1308 561 1392 Kay.
586 1306 703 1373 belehls
725 1305 826 1372 haben
848 1308 972 1390 gethan.
1018 1307 1111 1373 Dicar
1133 1308 1207 1374 aber
1230 1308 1275 1373 ist
1296 1308 1346 1372 ein
1369 1307 1441 1372 weit
1463 1303 1596 1390 gesucht

234 1396 454 1480 aigennuziger
473 1394 660 1461 aussfluebt:
696 1394 796 1468 ,Nam
820 1397 877 1460 sub
899 1397 955 1461 hoc
977 1397 1077 1462 colore
1100 1395 1222 1479 egregie
1245 1395 1367 1461 fallitur
1390 1395 1542 1478 princeps,
1566 1393 1597 1461 si

233 1483 292 1549 sibi
303 1483 499 1566 persuadeat,
524 1484 684 1548 ministres
697 1502 818 1566 semper
838 1483 873 1547 ut
893 1482 1059 1564 ministros,
1075 1502 1231 1568 nunquam
1257 1485 1294 1549 ut
1307 1483 1448 1548 homines
1467 1485 1591 1565 reagere.a

336 1588 383 1652 Ex
405 1587 670 1672 superabundanti
691 1587 756 1651 will
786 1589 866 1653 auch
896 1590 973 1653 noch
1000 1589 1106 1656 walter
1128 1590 1266 1673 goestei,
1302 1588 1377 1653 aber
1410 1585 1596 1670 neutiquam

236 1675 406 1761 gastandan
429 1676 539 1753 haben,
563 1676 613 1741 ich
628 1677 713 1741 hatte
728 1676 807 1741 auch
829 1675 926 1741 inscio
939 1678 971 1741 et
992 1678 1164 1744 inconsulto
1184 1677 1355 1742 clementis.
1379 1673 1503 1739 domino
1527 1689 1603 1737 meo

234 1763 578 1830 demdross·lt”1rlrhan
600 1763 793 1848 gesohriben,
825 1765 885 1829 mit
905 1764 1087 1832 demselben
1107 1765 1343 1847 correspondirt,
1367 1762 1498 1846 anfangs
1520 1772 1594 1826 ausa

235 1852 381 1920 billichen
404 1852 588 1920 Schmerzcn
619 1853 702 1916 eines
737 1850 829 1934 bosen
852 1853 1013 1918 Vorhabcn
1037 1856 1171 1937 gawast,
1204 1853 1419 1935 derentuegen
1452 1847 1532 1915 auch
1555 1867 1591 1912 za

236 1942 319 2009 mein
340 1940 503 2006 Vorhaben
526 1938 588 2025 bey
612 1939 671 2004 den
694 1938 816 2003 Ttrken
839 1939 911 2004 hllff
927 1943 1066 2024 gesuoht,
1098 1961 1134 2006 er
1160 1945 1228 2023 post
1250 1939 1331 2006 facto
1353 1941 1428 2005 abar
1449 1937 1592 2003 bieruhar

235 2028 406 2111 resipisoirt
428 2027 490 2093 uud
514 2029 636 2110 proprio
659 2030 745 2092 motu
770 2028 802 2092 in
825 2029 880 2092 der
894 2028 991 2094 Thatt
1006 2031 1077 2094 dass
1100 2030 1287 2095 contrarium
1311 2029 1442 2112 gezaigt,
1466 2045 1499 2092 eo
1514 2025 1593 2089 rme

235 2116 419 2201 gleichwohl
441 2117 488 2180 nit
510 2115 594 2198 aioig
615 2114 783 2198 balaidigte
805 2116 889 2201 May.
913 2117 1006 2182 uider
1030 2117 1114 2183 mich
1136 2117 1306 2198 bebauptet
1328 2117 1460 2181 werden.
1495 2113 1611 2178 Vner-x

235 2205 309 2270 aoht
331 2203 384 2268 das
408 2203 636 2269 uissentliohen
658 2202 810 2282 rechtens,
850 2207 948 2286 „quod
970 2205 1002 2269 in
1025 2205 1153 2270 ommino
1175 2205 1277 2270 laesae
1300 2203 1479 2273 Maiestatis
1502 2200 1591 2284 puni·

236 2295 307 2358 atur
329 2294 456 2357 conatus
479 2295 511 2356 et
533 2291 678 2369 affectus,
707 2290 783 2357 licat
806 2309 866 2356 ucn
899 2292 993 2357 fuerit
1015 2294 1139 2358 secutus
1161 2293 1288 2357 effeetus
1312 2291 1347 2373 (l.
1372 2291 1402 2356 3.
1426 2291 1459 2355 in
1483 2290 1533 2354 lin.
1554 2287 1588 2352 ff.

236 2384 296 2445 art.
320 2379 386 2448 Jul.
410 2379 615 2463 Matusalae
651 2381 756 2444 tamen
771 2378 853 2444 'haec
875 2381 983 2464 regula
1004 2379 1096 2458 fallit,
1120 2382 1241 2464 quando
1267 2383 1396 2449 conatus
1418 2375 1591 2444 deuenitad

237 2470 344 2534 actum
366 2469 530 2546 remotum,
566 2485 631 2533 non
650 2485 720 2532 uero
742 2467 931 2548 proximum,
961 2468 1113 2552 (Honded.
1137 2487 1220 2535 cons.
1250 2467 1320 2533 108.
1344 2486 1374 2531 n.
1400 2467 1430 2530 2.
1453 2468 1486 2530 et
1509 2483 1590 2546 seqq.

236 2555 292 2622 lib
310 2553 354 2639 1.)
370 2558 445 2639 puta
468 2557 495 2620 si
517 2555 586 2638 quis
609 2554 709 2636 primo
732 2556 819 2619 motu
833 2554 881 2619 uel
901 2557 987 2638 justo
1010 2555 1105 2621 animi
1127 2555 1230 2621 dolore
1250 2557 1282 2620 et
1304 2554 1451 2621 rbauccre
1474 2551 1591 2636 abquid

236 2643 431 2711 machinatus
453 2642 556 2721 fuerit,
580 2644 703 2708 aliunde
727 2642 935 2708 auxiliatrices
966 2663 1076 2709 manns
1099 2646 1131 2708 et
1152 2644 1257 2728 copias
1279 2643 1430 2708 militares
1454 2639 1590 2725 postula·

236 2731 326 2807 uerit,
349 2731 443 2816 paulo
466 2749 536 2796 vero
558 2733 629 2813 post
658 2731 848 2814 poenitentia
870 2733 996 2810 ductus,
1026 2732 1163 2798 uicissim
1184 2734 1285 2800 motus
1305 2733 1400 2795 animi
1423 2729 1534 2795 fluctus
1555 2729 1591 2792 in

236 2821 402 2905 pristinum
426 2820 541 2884 statum
565 2819 733 2897 reduxerit,
766 2820 943 2884 nullatenus
965 2821 1001 2884 de
1024 2820 1152 2885 crimine
1173 2820 1274 2886 laesae
1297 2819 1471 2883 maiestatis
1501 2817 1589 2899 argui

237 2907 359 2990 poterit.
384 2905 477 2989 Cujus
504 2905 744 2999 JuliusPaulus
767 2907 1027 2972 humanissimam
1050 2909 1151 2990 legam
1171 2908 1247 2974 tulit
1269 2907 1420 2990 inquiens,
1445 2903 1589 2990 quicquid

236 2995 392 3061 iracundia
421 2994 459 3060 fit
480 2992 531 3060 vel
552 2994 683 3068 dicitur,
710 3013 768 3060 uon
801 2996 886 3078 prius
917 2997 1021 3061 ratum
1044 3000 1102 3073 est,
1126 3015 1218 3079 quam
1242 2997 1269 3060 si
1289 2994 1514 3078 perseuerantia
1536 3010 1591 3074 ap·

236 3083 375 3168 paruerit
394 3081 543 3165 judicium
572 3083 666 3147 animi
700 3081 825 3148 fuisse.“
851 3081 892 3156 (ff.
917 3084 953 3148 da
977 3103 1038 3167 reg.
1068 3083 1128 3149 fur.
1152 3083 1228 3150 lacit
1256 3083 1304 3148 lar
1331 3082 1497 3148 diuortium
1528 3097 1590 3145 non

235 3191 304 3238 esse
330 3169 693 3254 homoeoteleuta
715 3171 834 3253 quando
856 3173 1009 3236 statutum
1033 3173 1122 3254 punit
1143 3176 1296 3251 conatum,
1320 3172 1394 3236 tune
1417 3189 1476 3236 non
1499 3167 1592 3234 intel-

235 3259 347 3342 ligitur
358 3259 395 3322 de
417 3258 501 3322 omni
523 3261 645 3336 conatu,
669 3259 855 3323 sedtautum
878 3258 916 3324 de
938 3259 1003 3338 illo,
1028 3279 1080 3342 per
1098 3280 1188 3344 quam
1211 3260 1272 3324 fnit
1293 3260 1458 3324 deventum
1479 3256 1519 3321 ad
1541 3273 1592 3320 ac·

236 3350 304 3413 tum
317 3345 490 3430 proximum
508 3350 540 3410 at
570 3346 785 3412 immediatum
818 3347 877 3428 ipsi
900 3347 1023 3424 delicto,
1046 3347 1092 3413 ita
1109 3349 1190 3432 quod
1213 3365 1305 3430 agam
1318 3345 1425 3411 fecerit
1447 3343 1606 3428 quicquid-

238 3435 340 3518 potuit
351 3452 407 3498 neo
428 3453 483 3518 per
495 3454 565 3499 eum
579 3435 745 3500 emansarit
756 3435 829 3517 quin
841 3434 988 3501 delictum
1012 3435 1265 3502 fueritseoutum.
1290 3433 1479 3520 (Secundum
1504 3431 1591 3498 Bald.

237 3522 316 3589 conf.
340 3521 540 3692 356ilbinci15.
577 3523 693 3587 statuto
718 3523 896 3588 Placentiae
923 3523 979 3589 col.
1008 3527 1034 3587 l.
1068 3544 1130 3589 uer.
1154 3527 1209 3590 aut
1242 3527 1275 3589 tu
1309 3521 1445 3605 loqueris
1467 3521 1504 3588 de
1526 3521 1592 3584 iura

180 3665 182 3670 .
236 3609 383 3691 municip.
419 3610 510 3674 '.1.

343 3697 469 3763 Solebas
492 3697 570 3762 haba
594 3696 645 3762 ich
667 3717 703 3762 er
726 3699 797 3762 dato
820 3716 879 3763 non
912 3702 1016 3764 autern
1040 3717 1183 3764 concesso
1204 3717 1278 3765 casu
1293 3697 1414 3782 geredt,
1437 3696 1508 3760 dass
1523 3712 1591 3758 wan

236 3786 285 3852 iob
306 3786 401 3852 sehon
424 3789 517 3850 etwas
541 3785 753 3868 leindseeliges
776 3787 917 3869 gedacht,
943 3788 1026 3852 mich
1050 3788 1123 3852 nmb
1145 3787 1229 3852 Hilff
1247 3787 1425 3859 eruorben3
1454 3803 1487 3848 so
1507 3784 1593 3847 betta

237 3874 321 3940 mich
344 3872 524 3939 aleobalden
548 3875 657 3938 dassen
688 3875 818 3939 berauen
841 3874 955 3953 tarsen,
987 3877 1019 3939 in
1041 3893 1206 3958 eruegung
1227 3874 1299 3940 dass
1322 3874 1373 3939 ich
1395 3872 1456 3937 alla
1479 3871 1594 3938 ieindt·

236 3963 350 4045 soelige
373 3961 454 4026 Hilff
473 3961 708 4046 abgeschlagen,
732 3981 889 4045 expressas
913 3980 1066 4045 personas,
1090 3963 1153 4028 alss
1177 3962 1268 4027 berrn
1291 3960 1466 4026 Bischoffan
1487 3979 1523 4024 nu
1536 3958 1594 4022 Za·

92 4069 94 4074 ·
236 4051 360 4132 grabia,
392 4069 423 4131 p.
448 4047 594 4126 Foratall,
627 4049 660 4113 in
682 4051 815 4114 namben
845 4050 964 4114 meiner
986 4070 1041 4115 zur
1070 4050 1151 4135 Kay.
1175 4049 1259 4134 May.
1280 4049 1479 4134 abgeordnet,
1511 4047 1594 4112 mein

236 4139 317 4205 Sohn
340 4136 449 4201 hiabat
472 4137 650 4214 remittiret,
671 4137 705 4219 ja
717 4155 807 4220 sogor
828 4136 911 4203 mieb
936 4139 1034 4203 selbst
1047 4137 1239 4221 dargastellt,
1263 4139 1323 4204 und
1346 4137 1431 4202 allen
1445 4135 1594 4200 billichen

237 4223 421 4310 goborsamb
445 4219 601 4305 galaistet,
625 4225 755 4290 welches
778 4226 838 4289 dan
861 4226 905 4290 vil
928 4226 978 4289 eiu
1001 4228 1113 4291 andere
1137 4226 1286 4309 meinung
1309 4226 1372 4290 alsa
1392 4225 1442 4289 die
1458 4225 1596 4288 uermut-

149 4314 151 4322 ’
235 4315 318 4380 licha
341 4311 519 4396 helaydigta
535 4310 692 4396 Mayestat
714 4314 792 4377 nach
815 4313 880 4378 sich
904 4313 1020 4388 ziebet;
1047 4313 1144 4379 blaibt
1166 4313 1231 4378 also
1247 4313 1340 4391 uahr,
1367 4311 1465 4396 ,quod
1481 4321 1516 4376 er
1531 4310 1596 4386 sola

239 4400 466 4468 machinatione
490 4398 539 4464 vel
569 4402 681 4465 conatu
704 4401 819 4466 remoto
848 4402 934 4466 nulla
957 4401 1121 4467 inducatur
1145 4401 1282 4481 rebellio,
1317 4401 1377 4466 nisi
1400 4400 1495 4484 (quod
1519 4399 1595 4464 bene

239 4487 424 4572 notandum)
449 4486 504 4553 illa
527 4490 666 4553 transeat
698 4489 730 4553 in
753 4489 992 4554 inobedientiam
1016 4509 1052 4554 ac
1075 4489 1306 4563 resistentiam,
1338 4493 1370 4552 et
1392 4489 1438 4553 sic
1462 4486 1517 4552 ubi
1538 4505 1596 4552 non

238 4579 287 4642 cst
309 4575 497 4653 resistentia,
521 4575 564 4640 ibi
586 4576 672 4641 unlla
695 4577 778 4640 eadit
792 4577 928 4654 rebellio,
952 4579 984 4642 et
1004 4578 1086 4642 siout
1106 4580 1266 4661 peecatum
1283 4578 1442 4642 voluntate
1455 4575 1597 4641 commit-

238 4665 327 4740 titur,
351 4665 396 4728 ita
419 4665 515 4728 etiam
538 4663 674 4728 uicissim
697 4665 851 4730 contraria
872 4666 1032 4731 uoluntate
1048 4666 1178 4729 deletur.
1204 4665 1326 4748 (Joaun.
1344 4663 1425 4728 And.
1454 4663 1485 4728 iu
1498 4664 1624 4746 princ.⁸
1716 4669 1718 4674 '

238 4755 270 4818 in
294 4751 378 4817 verb.
402 4751 559 4816 insecutus
581 4751 688 4817 rareio.
712 4752 743 4816 et
767 4754 803 4816 da
827 4753 922 4818 malla
946 4753 1062 4818 volunt.
1087 4753 1120 4818 et
1141 4773 1170 4817 n.
1193 4753 1242 4818 18.
1267 4753 1387 4820 Gemm.
1411 4751 1444 4815 in
1466 4750 1595 4834 princip.

240 4861 272 4906 n.
295 4837 327 4904 5.
354 4839 399 4904 ita
420 4838 508 4903 Bart.
539 4839 570 4902 in
603 4839 759 4921 extranaq.
783 4839 835 4922 qui
865 4840 929 4905 sint
951 4841 1082 4906 rebelles
1115 4843 1220 4906 tenore
1246 4841 1273 4907 l.
1297 4861 1326 4906 n.
1355 4843 1382 4904 l.
1405 4837 1544 4906 Anahar.
1565 4837 1598 4901 in

26 4909 28 5000 Ῐ
133 4953 135 4958 ·
239 4925 337 4993 Clam.
361 4925 507 5010 pastoral.
528 4945 559 4990 n.
575 4925 606 4991 4.
619 4923 728 4991 versic.
741 4925 835 5007 daeo,
848 4926 917 5010 q.d.
930 4927 1115 5014 rebellare),
1139 4928 1211 5012 quia
1222 4927 1373 4996 rebellare
1384 4925 1469 4994 aliud
1480 4944 1541 4993 nou
1552 4923 1599 4992 est
