3544 5288
281 385 345 452 418

282 560 440 641 indicanti,
460 563 514 628 555
537 564 609 647 quia
630 565 708 630 levis
732 566 798 630 crat
820 564 941 643 author,
965 563 1015 630 vel
1036 563 1090 629 ille
1105 583 1161 646 per
1175 563 1322 648 ambages
1340 563 1485 629 tentando
1508 563 1635 628 tentum

287 649 408 714 locutus
433 649 499 715 sit?
525 655 556 717 et
579 671 639 716 non
662 652 783 718 ridetur
805 655 943 718 conscius
965 653 1016 718 hic
1031 671 1107 730 esse,
1130 670 1198 716 cum
1215 651 1246 715 in
1259 652 1443 717 conscientia
1459 651 1636 728 nesciverit,

283 739 345 803 imo
367 755 428 803 non
451 739 650 818 credideras
675 743 707 806 et
729 741 819 824 paulo
841 741 925 824 post:
951 741 1149 824 „Addequod
1174 739 1267 804 etiam
1282 740 1419 822 plerique
1439 739 1636 814 censuerunt,

282 827 309 890 si
332 826 401 910 quie
424 827 540 892 crimen
562 828 691 911 probare
716 847 772 893 non
796 830 901 912 possit,
926 828 1085 911 substtque
1107 827 1287 910 periculum,
1307 847 1344 892 ne
1367 828 1538 910 quaestioni
1561 826 1635 890 sub-

281 915 380 994 datur,
405 915 528 997 impune
552 935 619 980 eum
645 918 777 981 tacuisse
800 915 906 989 rideri,
929 917 1068 1000 quamvis
1091 917 1173 980 enim
1197 914 1282 980 lavor
1302 915 1345 979 sit
1369 915 1518 996 publicus,
1543 932 1632 996 prae·

281 1001 364 1067 valet
385 1003 489 1066 tamen
513 1004 663 1068 naturalis
688 1006 775 1083 ratio,
800 1023 860 1088 qua
883 1004 1003 1088 quisse
1027 1005 1132 1088 aperto
1157 1003 1292 1085 periculo
1316 1003 1465 1086 subjicere
1487 1004 1553 1085 cogi
1571 1020 1631 1066 non

280 1089 402 1154 debet.“
428 1088 609 1172 (concordat
632 1089 720 1156 Glar:
745 1091 799 1157 lib.
822 1092 853 1157 5.
877 1091 905 1176 ξ.
930 1091 975 1156 151
999 1092 1029 1156 9.
1054 1091 1106 1158 81.
1139 1109 1215 1156 vers.
1241 1091 1365 1172 punitus
1393 1091 1440 1155 est
1457 1093 1576 1155 tantum
1602 1092 1635 1153 et

281 1179 386 1243 Perea.
410 1179 442 1242 in
464 1181 529 1244 cod.
549 1179 599 1244 tit.
623 1181 662 1243 ad
684 1181 718 1245 L.
739 1179 796 1263 jul.
814 1179 939 1263 Majest.
960 1198 989 1244 5.
1010 1180 1050 1244 10
1072 1181 1103 1244 55
1128 1179 1176 1242 12.
1200 1177 1275 1243 1555.
1293 1179 1324 1242 11.
1342 1179 1448 1243 eodem
1465 1180 1514 1242 tit.
1542 1197 1572 1240 n.
1593 1175 1632 1240 13

280 1265 333 1330 nbi
345 1265 461 1349 allegat
472 1267 601 1332 Bald.in
614 1267 751 1346 consilio,
765 1268 844 1352 qnod
857 1267 966 1350 incipit
984 1270 1194 1351 „quanquam“
1216 1267 1359 1350 allegata
1376 1266 1493 1330 Roland
1509 1264 1528 1330 5
1542 1265 1632 1329 Valle

283 1353 343 1419 rol.
367 1354 397 1418 2.
421 1372 503 1418 cons.
528 1354 579 1420 65.
603 1356 644 1420 N.
668 1355 710 1420 35
734 1358 765 1421 55
787 1355 839 1419 36.
864 1356 916 1421 551
941 1355 1042 1420 dictus
1074 1355 1230 1420 Rolandus
1258 1354 1351 1418 aliam
1375 1356 1428 1420 dat
1461 1355 1630 1418 rationem:

280 1443 352 1524 quia
373 1442 468 1507 bonos
490 1443 545 1519 vir,
569 1441 610 1519 id,
634 1445 713 1526 quod
737 1443 797 1508 scit
820 1462 852 1508 se
874 1443 1002 1525 probare
1033 1461 1089 1508 non
1120 1460 1219 1526 posse,
1249 1442 1341 1506 debet
1364 1442 1510 1526 tacere)“.
1543 1440 1632 1506 Noch
1757 1443 1758 1476 r

279 1528 504 1594 ansfribrlicber
540 1530 593 1594 der
615 1529 758 1614 Myrsig:
794 1529 895 1616 (Cant.
919 1531 940 1594 5
962 1533 1026 1596 abs.
1050 1529 1093 1594 42
1125 1553 1154 1594 n.
1177 1530 1211 1614 4)
1235 1529 1297 1594 und
1320 1549 1399 1594 arran
1420 1529 1557 1611 opposite
1590 1527 1629 1591 ad

279 1634 345 1680 rem
368 1635 467 1681 meam
491 1617 523 1681 in
545 1619 621 1683 haec
640 1617 800 1683 formalia:
820 1618 892 1699 „alii
916 1638 985 1684 vero
1007 1619 1141 1697 censent,
1165 1620 1190 1682 si
1214 1620 1283 1701 quis
1305 1621 1421 1682 secreto
1444 1617 1537 1682 talem
1552 1617 1634 1680 trao-

280 1707 381 1769 tatum
405 1705 492 1784 55155,
516 1707 588 1788 quia
622 1707 651 1770 51
673 1709 789 1771 secreto
821 1725 857 1771 ac
889 1706 945 1770 snb
980 1706 1039 1770 fide
1074 1705 1167 1771 fuerit
1199 1705 1362 1784 revelatus,
1398 1709 1430 1770 et
1461 1707 1505 1770 sic
1542 1703 1631 1768 illum

278 1794 361 1858 certo
382 1792 489 1857 docere
513 1795 652 1876 nequeat,
692 1795 792 1876 ipsum
817 1813 874 1858 non
898 1793 995 1858 tenori
1027 1793 1065 1858 ad
1097 1794 1306 1872 revelandum,
1342 1796 1415 1877 qnia
1445 1793 1476 1857 in
1507 1790 1630 1856 defectu

277 1880 465 1963 probationis
489 1880 691 1960 subjiceretur
714 1881 885 1946 carceribus
908 1881 956 1946 rel
990 1883 1124 1946 torturae
1159 1899 1271 1964 poenae
1306 1881 1354 1966 (L.
1379 1882 1408 1944 3.
1432 1883 1499 1947 cod.
1522 1882 1560 1946 ad
1593 1879 1628 1944 L.

277 1967 333 2050 jul.
356 1968 494 2052 Majest).
519 1967 617 2033 Nemo
640 1971 743 2034 autem
767 1967 879 2054 (adhuc
902 1971 974 2033 5555
1004 1970 1096 2034 rerba
1128 1968 1287 2054 Mynsing)
1317 1969 1453 2033 revelare
1484 1967 1632 2032 obnoxius

277 2057 335 2134 est,
359 2055 479 2139 quando
500 2056 641 2121 imminet
662 2057 831 2139 pericnlum
855 2058 886 2122 in
909 2074 1019 2138 corpus
1042 2075 1142 2136 suum,
1169 2061 1200 2122 et
1222 2058 1279 2121 hoc
1302 2057 1384 2122 idem
1407 2057 1498 2122 nimis
1522 2057 1628 2120 absur-

279 2142 353 2208 dum
377 2143 471 2208 fore“.
496 2143 627 2224 (Statuit
648 2143 743 2228 Gigas
767 2145 806 2209 de
828 2146 916 2209 crim:
944 2146 1044 2210 laesae
1067 2144 1255 2227 MaJestatis.
1278 2149 1358 2227 post.
1383 2144 1436 2209 lib.
1470 2146 1489 2207 2
1513 2143 1632 2227 deplu-

278 2231 364 2296 ribns
393 2233 425 2296 ct
447 2232 539 2296 variis
561 2233 790 2316 quaestionibus
812 2234 906 2316 pshac
933 2234 971 2295 12
994 2252 1023 2296 n.
1051 2231 1144 2296 8151.
1171 2233 1243 2297 mibi
1273 2231 1362 2318 453).
1397 2232 1440 2298 Ja
1460 2251 1522 2297 was
1553 2230 1630 2295 noch

281 2318 419 2384 mehrers
441 2317 493 2397 ist,
516 2319 570 2384 der
592 2319 709 2384 Β51555
736 2319 780 2402 (in
804 2320 877 2384 dict.
902 2339 983 2384 5555.
1008 2321 1098 2402 prout
1121 2339 1190 2384 eum
1214 2322 1291 2386 citat
1314 2318 1426 2385 Clarus
1448 2320 1510 2383 lib:
1545 2319 1566 2382 5
1601 2318 1630 2402 ξ.

278 2407 329 2471 fin.
351 2407 381 2472 9.
406 2406 458 2472 81.
482 2411 552 2490 post
575 2427 653 2473 vers.
677 2409 808 2489 punctus
832 2411 880 2472 est
902 2411 1023 2472 tanturn
1048 2411 1080 2472 et
1101 2409 1256 2472 Rolandos
1280 2426 1299 2472 5
1321 2407 1409 2472 Valle
1426 2408 1484 2471 vol.
1501 2409 1530 2472 2.
1548 2425 1630 2471 cons.

278 2495 330 2558 65.
354 2515 383 2558 5.
408 2494 474 2578 35.)
497 2496 656 2560 betheuert
678 2495 736 2559 den
760 2495 913 2560 Donatum
938 2498 974 2560 de
997 2495 1195 2572 Barbadoris‚
1231 2498 1263 2560 55
1295 2495 1380 2572 dlcit,
1412 2497 1489 2578 quod
1527 2493 1631 2557 anima

275 2581 388 2666 jndicis
412 2583 568 2665 cujusdam
592 2583 623 2646 et
645 2601 833 2648 assessorum
857 2583 1010 2652 crucietur
1032 2583 1211 2660 ininferna,
1235 2602 1271 2648 eo
1288 2582 1368 2666 quod
1389 2583 1427 2647 ob
1450 2583 1547 2648 solam
1571 2583 1631 2646 sci·

278 2671 394 2736 entiam
418 2671 599 2753 supplicium
622 2671 818 2758 sumpserint.
836 2671 906 2736 Nun
929 2679 1008 2736 ware
1032 2691 1063 2735 es
1087 2672 1146 2735 mir
1169 2672 1227 2755 bey
1249 2672 1318 2735 dern
1344 2671 1425 2735 bloss
1447 2671 1479 2733 in
1502 2688 1630 2753 genera-

279 2758 368 2822 litate
391 2759 613 2834 rerblicbenen,
637 2759 698 2823 und
722 2760 853 2823 zuerin
877 2763 992 2824 secreto
1017 2778 1072 2823 ron
1095 2760 1279 2842 obbesagten
1310 2757 1544 2841 Hauptlentben
1578 2759 1632 2822 bc-

278 2847 449 2911 schehenen
471 2846 689 2930 Enthirlungen
712 2846 946 2930 kentigerzeir
968 2847 1027 2911 mit
1048 2847 1101 2911 der
1124 2848 1198 2929 prob
1230 2846 1303 2912 oder
1329 2847 1412 2912 eincr
1441 2847 1530 2911 recht
1562 2845 1631 2909 155-

279 2935 379 2998 dirten
402 2933 611 2999 denuntiation
634 2954 671 2998 55
694 2935 843 3018 gelengen
868 2936 1036 3018 unmiglich
1061 2953 1208 3018 genesen,
1225 2935 1264 2998 ad
1287 2953 1378 3016 quam
1403 2936 1579 3018 requiritur,
1597 2937 1631 2996 ut

278 3023 399 3104 praeter
421 3021 639 3104 allegationem
661 3021 896 3104 particularium
931 3022 1016 3087 dicat
1038 3023 1222 3087 denuntians
1244 3022 1324 3087 huno
1368 3023 1416 3086 rel
1444 3022 1533 3086 illum
1571 3021 1629 3084 tali

279 3127 366 3186 anno,
390 3108 446 3173 tali
470 3127 583 3186 mense,
608 3110 639 3173 in
662 3109 718 3173 tali
743 3112 827 3184 urbs,
852 3111 883 3174 in
905 3112 993 3174 domo
1017 3129 1070 3175 sue
1092 3110 1214 3192 proprio
1238 3112 1296 3174 etc.
1320 3109 1358 3173 clo
1383 3129 1455 3174 nece
1480 3109 1628 3191 principis

282 3197 442 3262 scelestem
466 3196 591 3261 inivisse
613 3196 776 3262 lectionem
801 3196 911 3281 (Gigas
937 3199 965 3262 2.
989 3203 1067 3281 pert.
1092 3197 1145 3261 lib.
1170 3197 1201 3262 9.
1224 3198 1254 3262 3.
1276 3217 1306 3260 n.
1336 3198 1374 3280 l).

384 3284 483 3349 Beede
505 3284 698 3366 Hauptleuth
721 3285 825 3348 hetten
848 3285 949 3350 soleba
973 3287 1003 3349 15
1028 3286 1120 3350 meris
1138 3287 1332 3368 generalibus
1351 3284 1539 3350 bornehendo
1567 3285 1628 3346 und

280 3371 400 3435 nemine
422 3377 582 3455 praesento
616 3371 747 3455 gothano
824 3373 937 3437 elation
960 3375 1064 3438 eadem
1088 3373 1253 3438 hernacher
1283 3373 1442 3448 facilitate,
1475 3389 1535 3455 qua
1557 3388 1631 3434 con·

279 3458 482 3538 crediderunt,
505 3461 666 3524 verneinen
687 3391 822 3555 lonay
838 3461 869 3524 in
900 3460 1007 3525 dessen
1041 3479 1203 3544 erwegnng
1237 3477 1295 3524 uon
1330 3461 1383 3524 der
1416 3459 1630 3524 denuntiation

226 3615 229 3624 Δ
281 3546 363 3611 mich
386 3547 493 3612 billich
515 3546 707 3630 abgehalten‚
732 3566 810 3612 wass
832 3547 947 3614 andern
968 3549 1123 3614 zuweillen
1148 3549 1205 3632 bey
1228 3547 1411 3613 hirstlichen
1434 3547 1543 3612 Hbffen
1576 3553 1632 3611 rri-

280 3633 450 3713 derfabren‚
473 3635 585 3699 welche
608 3636 702 3700 etiam
726 3654 797 3699 vera
820 3635 989 3702 deferentes
1011 3635 1228 3720 gleichuohlen
1252 3636 1402 3701 borneher
1424 3636 1462 3701 ob
1478 3635 1632 3700 delectum

281 3722 469 3806 probationis
495 3722 651 3788 offentlich
674 3723 815 3789 abbitten
849 3726 909 3788 und
932 3725 1087 3790 revoctren
1111 3729 1261 3790 miessen.
1290 3724 1459 3790 Endlichen
1483 3724 1632 3788 nachdem

281 3810 337 3874 der
358 3810 549 3877 Bulroratalri
573 3811 686 3876 nurnclr
710 3814 772 3877 und
792 3813 839 3877 ich
863 3814 919 3877 den
947 3813 985 3876 12
1009 3813 1110 3896 Marty
1145 3812 1200 3876 551
1224 3811 1389 3878 Giahatnm
1413 3812 1553 3884 homben‚
1590 3812 1634 3874 ist

281 3898 369 3963 lauth
393 3899 509 3963 meiner
544 3899 674 3964 relation
707 3899 745 3964 A.
777 3901 855 3964 auch
887 3901 935 3965 die
966 3900 1190 3982 particularitet
1220 3901 1279 3965 und
1313 3900 1362 3962 die
1392 3899 1465 3963 alda
1494 3899 1634 3962 inferirte

282 3990 405 4069 puncta,
428 4006 461 4052 so
483 3987 649 4069 gedechter
673 3987 860 4052 Buhoratzlri
880 3989 938 4051 mit
961 3990 1027 4052 dem
1050 3987 1212 4053 Erbteindt
1235 3987 1401 4070 gehandlet
1424 3987 1522 4051 haben
1545 3985 1632 4066 sollo,

285 4074 371 4138 nicht
393 4075 471 4138 ohne
493 4074 608 4138 meiner
644 4073 870 4139 sonderbahren
896 4075 1093 4159 Bestirtnung
1128 4075 1339 4158 vorgeuiesen
1370 4074 1420 4139 ich
1458 4076 1530 4139 aber
1563 4075 1635 4139 hin·
1754 4129 1755 4144 2

283 4179 391 4245 gegen
416 4162 521 4244 utpote
545 4161 576 4226 in
600 4165 697 4227 medio
720 4162 843 4228 illorum
876 4163 1070 4238 constitutus,
1105 4162 1281 4228 uiewohlen
1315 4181 1384 4228 cum
1420 4165 1498 4228 teste
1531 4162 1635 4243 philo·

284 4250 378 4331 sopho
401 4251 433 4312 et
454 4269 506 4330 per
530 4249 549 4312 l.
571 4250 622 4332 qui
646 4251 796 4313 cemento
819 4249 850 4313 ff.
875 4250 911 4312 de
933 4248 1005 4314 furt.
1030 4251 1120 4333 primi
1146 4253 1247 4315 motus
1272 4269 1330 4316 non
1353 4250 1461 4316 sintin
1479 4251 1635 4332 potestate

285 4341 397 4414 nostra,
423 4338 481 4401 mir
504 4337 604 4418 gleich
628 4337 827 4420 beygefallen‚
851 4337 923 4402 dass
946 4357 982 4401 ex
1004 4338 1179 4420 particulari
1203 4340 1235 4402 st
1266 4339 1389 4420 privata
1411 4339 1550 4421 passione
1584 4340 1635 4405 die
1753 4327 1754 4346 ³

284 4423 553 4490 haubtmanschaft
575 4423 712 4489 Thovnm
735 4425 796 4488 mir
819 4426 998 4499 benomben‚
1019 4443 1052 4489 so
1071 4444 1128 4508 gar
1161 4426 1232 4489 dass
1266 4426 1316 4491 ich
1351 4426 1448 4490 denen
1483 4423 1635 4493 Soldaten

284 4512 370 4576 nieht
390 4512 526 4578 einmahl
551 4512 733 4578 valediciren
750 4513 877 4590 konnen,
901 4533 979 4596 qnae
995 4532 1114 4578 summa
1130 4513 1245 4597 injuria
1268 4513 1439 4602 5511155515,ρ
1447 4514 1507 4577 551
1538 4515 1635 4579 nach·

284 4601 432 4684 gebendts
454 4602 511 4665 mit
534 4603 587 4666 der
622 4621 679 4666 neu
703 4601 893 4667 verlichencn
916 4601 977 4666 und
1000 4602 1056 4667 auf
1073 4601 1155 4667 mein
1178 4603 1295 4686 wenige
1317 4602 1451 4666 Persohn
1478 4602 1634 4686 allergne·

285 4690 346 4753 dist
369 4688 527 4754 resolvirte
542 4689 656 4754 andern
669 4689 1022 4755 Oberhaubtmanschaft
1037 4691 1159 4774 Zenegh
1175 4691 1223 4755 die
1239 4689 1428 4768 15555155155,
1446 4690 1635 4773 vngeaohtet

283 4776 334 4842 ich
355 4775 972 4859 551155Τ5555551151ι1555515555555,
996 4779 1190 4858 verschoben,
1213 4777 1378 4862 folglioben
1401 4779 1451 4844 ich
1480 4798 1538 4845 non
1566 4783 1635 4850 sine
