3550 5272
1479 401 1544 470 233

186 583 214 648 Ε
237 600 381 650 converso
403 583 505 650 Turne
527 603 582 668 prn
603 583 762 651 infallibili
793 604 897 651 rerum
932 584 1149 652 effectuatinne
1182 603 1218 650 ac
1241 604 1363 652 snomm
1387 602 1545 651 armorum

182 672 363 745 securitate;
391 673 418 736 l.
442 672 482 735 ad
505 671 580 738 dnos
604 691 698 738 annos
718 673 779 738 sibi
807 673 905 738 filium
939 674 1064 739 unicum
1098 674 1191 738 mitti·
1207 673 1332 739 omniun
1356 675 1543 756 expostulat.

182 759 221 822 2⁰
243 756 382 824 Confinia
404 761 525 824 deserta
548 761 580 824 et
601 778 662 824 nnn
687 761 831 826 habitata
854 760 936 826 iliter
958 765 1065 826 nostra
1089 763 1124 826 et
1146 780 1202 826 sua
1224 762 1377 844 praesidia
1400 781 1455 844 per
1479 781 1544 826 me-

183 845 341 924 dietatem,
366 865 402 912 ac
425 846 624 933 inaequales
657 848 834 913 dividantur
866 848 1032 931 portiones.
1067 849 1106 913 3⁰
1128 849 1275 914 Germani
1296 850 1412 914 milites
1435 849 1546 914 imme-

183 933 266 998 diata
289 953 306 998 e
330 935 469 999 confiniis
493 935 664 1019 ejiciantur,
689 936 738 1001 vel
762 954 833 1001 vern
846 935 1014 1001 dictionem
1034 937 1169 1019 aliquam
1193 955 1366 1001 caesaream
1389 936 1546 1002 hostiliter

184 1021 346 1104 impetant,
370 1025 405 1087 ut
427 1022 544 1088 rabiem
569 1023 794 1088 Germannmm
830 1025 861 1088 in
893 1043 949 1088 nos
980 1023 1178 1102 concitemus,
1202 1023 1256 1087 ille
1280 1023 1409 1088 subinde
1432 1026 1546 1106 spetio-

182 1126 251 1174 sum
274 1109 388 1174 haheat
410 1112 603 1192 praetextum
627 1130 682 1176 sua
704 1130 790 1176 arma
804 1114 844 1176 ad
857 1115 1005 1189 nostram,
1026 1114 1174 1195 tanquam
1191 1111 1250 1176 sibi
1266 1111 1456 1192 dauniorum,
1475 1130 1547 1177 unn-

183 1196 322 1262 vertendi
344 1197 562 1276 defensionem,
588 1217 659 1264 eum
683 1199 761 1264 alias
785 1201 822 1264 de
851 1199 917 1264 iure
949 1203 980 1264 et
1002 1199 1072 1283 lege
1095 1218 1202 1282 panem
1225 1219 1296 1264 cum
1318 1201 1423 1264 vestra
1445 1219 1551 1265 sacra·-

185 1283 308 1350 tissima
331 1285 495 1372 maiestate
519 1286 655 1351 violandi
679 1305 802 1351 cansam
828 1287 1034 1352 sufficientem
1056 1305 1116 1352 nnn
1136 1286 1229 1352 videt.
1483 1301 1490 1315 ·

288 1372 460 1438 Intellectis
484 1375 515 1438 et
538 1374 614 1440 bene
638 1374 840 1439 consideratis
863 1376 912 1440 his
940 1375 1093 1453 omnibus,
1118 1374 1255 1457 quaesivi
1278 1395 1295 1437 e
1320 1376 1433 1440 comite
1456 1375 1545 1453 bano,

187 1461 348 1542 quomodo,
381 1461 477 1527 invite
506 1461 582 1543 ipso,
606 1481 698 1527 ausus
728 1463 822 1526 fuerit
851 1462 1052 1546 Bulxnvatslxy
1083 1463 1247 1527 materiam
1272 1463 1338 1526 tam
1362 1462 1491 1527 arduam
1516 1465 1547 1526 et

186 1546 407 1630 importantem
430 1549 646 1629 determinare,
671 1551 703 1615 et
725 1550 872 1633 quidnam
897 1553 1003 1634 expnst
1025 1551 1106 1614 fanto
1120 1550 1303 1614 intentionis
1320 1550 1435 1614 habeat
1451 1549 1547 1614 resol-

189 1635 301 1701 vendi?
326 1637 438 1720 Respa
462 1637 664 1722 Bulxnvatzlry
687 1640 725 1702 ad
756 1637 830 1702 haec
860 1637 1095 1704 instructionem
1117 1655 1178 1702 nnn
1202 1637 1322 1716 hahuit,
1347 1637 1400 1702 sed
1423 1636 1547 1720 putavit

185 1742 250 1787 rem
275 1724 353 1788 mihi
375 1743 496 1789 summe
511 1727 634 1808 gratam
652 1729 684 1790 et
701 1725 818 1807 patriae
842 1726 1008 1807 proficuam
1032 1727 1224 1801 construere;
1249 1725 1299 1789 cni
1320 1744 1388 1807 ego,
1409 1728 1492 1790 certe
1516 1726 1548 1790 et

183 1813 376 1876 sacrosancte
395 1813 476 1898 juro,
502 1813 586 1877 nullo
609 1812 700 1877 modo
722 1814 895 1878 consentire
918 1813 998 1891 volo,
1030 1814 1170 1878 attamen
1201 1832 1270 1877 cum
1293 1831 1327 1876 se
1350 1815 1414 1877 tam
1439 1831 1548 1896 oppor-

186 1901 263 1962 tuna
286 1900 532 1982 praesentaverit
552 1902 681 1979 oceasin,
705 1901 818 1966 vellem
839 1903 984 1966 terrorem
1010 1900 1145 1983 aliquem
1163 1903 1300 1966 incutere
1314 1899 1489 1978 Germanis,
1513 1901 1549 1965 ut

187 1987 338 2069 siquidem
363 1987 450 2053 honis
474 1989 506 2052 et
529 1987 672 2054 fidelihus
702 1988 837 2054 servitiis
866 1989 986 2053 nullam
1014 1989 1170 2072 possimus
1193 1988 1362 2071 promereri
1382 1988 1550 2072 promotio·

186 2093 268 2153 nem,
293 2095 400 2140 verum
422 2077 633 2142 consumimus
665 2077 854 2142 snbstantias
884 2082 1004 2142 nostras
1029 2078 1061 2141 at
1084 2077 1164 2141 vitas
1188 2076 1335 2159 periculis
1358 2076 1548 2158 exponimus,

183 2162 303 2227 fructus
336 2167 440 2228 antem
468 2163 539 2229 inde
562 2164 662 2230 nullos
691 2153 891 2247 percipimus,
923 2167 976 2230 sed
1007 2165 1142 2230 extranei
1177 2164 1287 2229 falcem
1316 2182 1405 2228 suam
1432 2164 1465 2228 in
1495 2181 1549 2228 nn·

183 2251 281 2314 stram
308 2251 484 2316 immiscent
515 2271 657 2328 messem,
688 2251 766 2318 forte
800 2271 855 2335 per
886 2253 981 2318 talem
1011 2271 1115 2317 rerum
1139 2252 1387 2317 convolutionem
1414 2270 1448 2316 en
1474 2251 1550 2316 faci·

183 2337 245 2402 lius
278 2339 401 2422 assequi
435 2339 618 2404 valebimus.
654 2339 725 2404 lden
759 2340 795 2404 ut
828 2338 951 2404 domino
982 2340 1071 2404 fratri
1106 2338 1213 2418 fatear,
1248 2340 1350 2421 cogito
1382 2339 1549 2422 impresam

184 2424 320 2508 aliquam
351 2427 480 2502 tentare,
515 2446 586 2492 cum
621 2427 843 2510 expugnatione
874 2429 963 2492 unius
995 2428 1043 2492 vel
1076 2427 1205 2491 alterius
1235 2427 1304 2497 loci.
1338 2429 1373 2492 ut
1395 2428 1550 2491 tumultus

183 2515 320 2597 exurgat,
345 2515 377 2578 et
402 2515 529 2580 serietas
558 2516 661 2597 aliqua
688 2515 844 2597 appareat.
879 2515 1092 2592 Postmodum,
1125 2533 1218 2596 quam
1241 2514 1375 2596 primum
1398 2515 1550 2579 fuerimus

184 2601 324 2683 requisiti
348 2603 387 2665 ad
411 2602 636 2685 paciscendum,
671 2604 739 2667 tum
767 2603 997 2684 promptissime
1020 2620 1198 2680 annuemus,
1228 2621 1283 2685 per
1305 2603 1382 2683 qnod
1406 2620 1462 2666 sua
1482 2619 1551 2666 nae·

151 2745 156 2758 .
186 2706 273 2752 saraa
296 2691 430 2755 maestas
454 2692 487 2754 nt
508 2691 574 2754 tnta
607 2687 816 2754 christianitas
846 2689 1018 2755 clarissimo
1048 2708 1230 2772 cognoscere
1259 2690 1381 2771 poterit,
1413 2707 1468 2753 nos
1496 2707 1551 2770 pu-

183 2776 280 2841 tuisse
301 2776 425 2861 quidem
457 2797 516 2842 nnn
538 2781 643 2842 autem
667 2777 800 2842 soluisse
834 2776 986 2842 mediante
1018 2779 1189 2842 Turcarum
1223 2777 1361 2858 potentia
1384 2794 1549 2857 procurare

183 2864 271 2928 nobis
291 2865 421 2930 honores
440 2867 471 2930 et
494 2865 661 2949 dignitates
687 2866 847 2940 maximas,
878 2864 931 2928 sed
963 2866 1063 2947 potius
1094 2865 1267 2929 contentari
1291 2865 1429 2929 minimis
1452 2863 1548 2928 etiarn

184 2953 435 3034 promotionibus,
460 2954 492 3017 et
523 2951 696 3018 nullatenus
726 2953 847 3017 deviare
878 2969 896 3016 s
927 2953 1087 3017 devotione
1118 2951 1356 3016 christianitatis
1382 2969 1418 3016 an
1442 2951 1549 3015 debite

184 3057 257 3122 erga
294 3041 548 3124 angustissimam
586 3043 712 3105 domum
747 3039 907 3105 fidelitate.
948 3039 997 3104 Ad
1035 3041 1111 3106 haec
1148 3039 1308 3121 subjunxi:
1350 3038 1427 3103 mihi
1462 3037 1548 3102 nullo

184 3127 275 3192 mode
307 3129 482 3194 consultum
507 3129 603 3194 videri
634 3131 771 3194 animum
795 3129 828 3192 et
850 3145 937 3209 posse
959 3130 1099 3192 nostrum
1123 3128 1181 3192 tali
1202 3129 1412 3192 demonstrare
1436 3127 1545 3204 forma,

184 3233 255 3280 nam
279 3215 466 3299 periculosos
489 3217 654 3282 sortiemur
680 3216 816 3281 effectus.
849 3215 963 3294 Primo,
992 3216 1062 3280 odia
1085 3218 1116 3280 et
1145 3233 1286 3281 rancores
1311 3215 1448 3280 omnium
1474 3212 1550 3278 Ger·

185 3321 346 3368 manorum
381 3303 588 3369 infallibiliter
622 3304 655 3368 in
692 3321 747 3368 nos
786 3303 1020 3370 concitabimus.
1055 3303 1094 3367 2⁰
1131 3303 1165 3370 Si
1207 3303 1303 3368 armis
1341 3304 1374 3367 et
1403 3303 1453 3367 via
1474 3301 1550 3366 facti

183 3391 413 3474 impetiarimus
438 3391 586 3456 ditionem
611 3391 848 3475 augustissimae
872 3391 990 3469 domus,
1015 3391 1082 3474 jure
1106 3391 1216 3456 merito
1239 3389 1320 3473 apud
1344 3409 1431 3455 suam
1448 3407 1551 3454 caesa-

185 3497 269 3544 ream
292 3481 487 3545 maiestatem
511 3479 542 3543 in
561 3479 808 3564 irremissibilem
831 3477 1004 3542 incidemus
1027 3479 1271 3561 indignationem
1296 3478 1329 3542 et
1353 3477 1550 3560 disgratiam.

185 3566 224 3630 30
245 3567 271 3631 si
295 3567 354 3633 soli
376 3585 436 3631 nou
455 3566 665 3632 suffecerimus
689 3567 722 3631 et
737 3566 889 3631 turcicum
915 3565 1088 3630 subsidium
1111 3567 1252 3630 inuocare
1271 3563 1425 3629 fuerimus
1443 3563 1549 3639 coacti,

185 3673 244 3736 qun
266 3655 391 3720 obtento
414 3655 536 3719 nullum
568 3653 701 3736 amplius
731 3653 915 3718 haberemus
943 3670 1129 3735 regressum,
1157 3652 1210 3717 sed
1239 3650 1380 3716 nolentes
1410 3650 1549 3716 volentes

128 3791 130 3796 ,
185 3742 313 3807 immani
341 3761 396 3808 sun
424 3742 510 3826 jugo,
538 3743 607 3806 sine
642 3741 707 3804 ulla
736 3741 903 3806 securitate
928 3740 1048 3809 futurae
1078 3739 1318 3822 permansionis,
1352 3739 1551 3803 succumbere

185 3830 361 3895 tenebimur
380 3832 411 3895 et
433 3829 575 3913 perpetui
598 3829 695 3912 ipsius
727 3827 821 3894 sclavi
847 3845 882 3891 an
916 3827 1055 3891 omnium
1088 3826 1298 3910 abjectissimi
1326 3826 1550 3904 deveniremus,

186 3918 235 3983 uui
258 3917 435 3982 infelicitati
459 3922 490 3981 et
512 3917 658 3981 miseriae
680 3935 735 3998 pro
759 3917 846 3999 parte
873 3931 941 3979 mea
965 3933 1121 3997 nunquam
1152 3913 1353 3979 consentiam.
1386 3911 1551 3978 Nihilomi-

183 4023 240 4070 nus
265 4009 299 4070 ut
321 4004 391 4072 aula
414 4023 556 4069 caesarea
579 4005 743 4070 imminens
767 4023 857 4068 suum
883 4002 1057 4085 periculum
1081 4020 1100 4067 a
1123 4003 1233 4068 Tarnis
1259 4001 1317 4066 sub
1332 4002 1444 4067 fiducia
1465 4002 1551 4083 pacis

92 4135 93 4138 =
184 4093 322 4158 dolosam
346 4092 619 4166 defraudationem,
644 4092 772 4156 anobis
796 4109 867 4155 vero
891 4091 1122 4155 immutabilem
1145 4090 1329 4156 fidelitatem
1353 4088 1552 4172 comprehen-

186 4181 266 4259 dere,
291 4201 308 4246 e
331 4200 366 4245 ex
389 4180 438 4245 his
461 4182 672 4245 constantiam
695 4181 833 4244 nostram
865 4176 1112 4243 clementissima
1139 4177 1331 4260 benignitate
1351 4195 1550 4262 compensare

185 4269 297 4347 valeat,
321 4269 417 4334 istum
440 4268 651 4332 existimarem
683 4268 823 4340 modum;
860 4285 969 4349 nempe
1000 4265 1172 4332 intimando
1203 4285 1258 4348 per
1290 4265 1424 4348 potiores
1446 4267 1552 4347 partes

185 4356 271 4439 regni
293 4355 551 4440 gratiosissimam
575 4355 743 4420 Turcarum
766 4353 997 4431 exhibitionem,
1024 4356 1163 4419 nostram
1183 4353 1277 4418 etiam
1295 4357 1436 4435 paratam
1452 4352 1552 4418 eidem

186 4446 395 4522 annuentiam,
419 4463 455 4508 ax
479 4443 528 4508 his
551 4443 743 4508 novitatibus
765 4443 985 4524 undequaque
1017 4460 1120 4506 rumor
1142 4441 1290 4525 insurget,
1323 4444 1355 4506 et
1377 4441 1443 4505 sine
1465 4457 1553 4504 mora

186 4533 222 4596 ad
246 4533 347 4597 status
368 4549 549 4614 graecenses
573 4532 741 4613 perueniat,
766 4529 891 4594 interim
914 4531 1035 4611 oportet
1058 4530 1153 4594 etiam
1176 4549 1231 4611 per
1247 4528 1374 4593 tertiam
1391 4545 1551 4610 personam

188 4619 328 4703 episcopo
352 4619 553 4704 Zagrabiensi
577 4617 748 4702 proximam
773 4616 981 4682 confusionem
1006 4619 1038 4681 et
1063 4618 1181 4681 instans
1198 4617 1353 4681 insinuare
1368 4615 1551 4698 periculum,

187 4725 246 4791 qun
270 4709 493 4792 perpenderatn
518 4707 583 4772 sine
606 4705 755 4787 temporis
777 4705 1013 4787 interpositione
1037 4703 1075 4768 sd
1092 4703 1224 4769 dandam
1241 4703 1383 4770 notitiam
1398 4703 1551 4769 Viennam

186 4795 374 4880 properabit,
398 4794 525 4859 andem
547 4795 631 4860 omni
653 4793 761 4877 procul
783 4792 880 4858 dubio
904 4791 953 4859 vel
976 4811 1012 4857 ex
1036 4791 1107 4858 sule
1130 4791 1179 4857 vel
1193 4790 1323 4857 Graecia
1343 4790 1552 4874 postulabitur
