<?xml version="1.0" encoding="UTF-8"?>
<!DOCTYPE html PUBLIC "-//W3C//DTD XHTML 1.0 Transitional//EN"
    "http://www.w3.org/TR/xhtml1/DTD/xhtml1-transitional.dtd">
<html xmlns="http://www.w3.org/1999/xhtml" xml:lang="en" lang="en">
 <head>
  <title>
</title>
<meta http-equiv="Content-Type" content="text/html;charset=utf-8" />
  <meta name='ocr-system' content='tesseract 3.04.00' />
  <meta name='ocr-capabilities' content='ocr_page ocr_carea ocr_par ocr_line ocrx_word'/>
</head>
<body>
  <div class='ocr_page' id='page_1' title='image "./actaconiuration00umjegoog_0248.png"; bbox 0 0 3550 5272; ppageno 0'>
   <div class='ocr_carea' id='block_1_1' title="bbox 181 307 247 378">
    <p class='ocr_par' dir='ltr' id='par_1_1' title="bbox 181 307 247 378">
     <span class='ocr_line' id='line_1_1' title="bbox 181 307 247 378; baseline 0.03 -3"><span class='ocrx_word' id='word_1_1' title='bbox 181 307 247 378; x_wconf 77' lang='grc'>232</span> 
     </span>
    </p>
   </div>
   <div class='ocr_carea' id='block_1_2' title="bbox 183 489 1545 574">
    <p class='ocr_par' dir='ltr' id='par_1_2' title="bbox 183 489 1545 574">
     <span class='ocr_line' id='line_1_2' title="bbox 183 489 1545 574; baseline -0.001 -19"><span class='ocrx_word' id='word_1_2' title='bbox 183 489 409 555; x_wconf 82' lang='lat' dir='ltr'>Germanorum</span> <span class='ocrx_word' id='word_1_3' title='bbox 440 489 471 555; x_wconf 92' lang='lat' dir='ltr'>in</span> <span class='ocrx_word' id='word_1_4' title='bbox 494 489 623 556; x_wconf 92' lang='lat' dir='ltr'>minimo</span> <span class='ocrx_word' id='word_1_5' title='bbox 654 489 829 572; x_wconf 85' lang='lat' dir='ltr'>derogandi,</span> <span class='ocrx_word' id='word_1_6' title='bbox 858 508 965 554; x_wconf 87' lang='lat' dir='ltr'>uerum</span> <span class='ocrx_word' id='word_1_7' title='bbox 1000 511 1036 556; x_wconf 82' lang='lat' dir='ltr'>ex</span> <span class='ocrx_word' id='word_1_8' title='bbox 1068 509 1154 555; x_wconf 90' lang='lat' dir='ltr'>mera</span> <span class='ocrx_word' id='word_1_9' title='bbox 1186 490 1314 574; x_wconf 85' lang='lat' dir='ltr'>politice</span> <span class='ocrx_word' id='word_1_10' title='bbox 1337 491 1369 556; x_wconf 90' lang='lat' dir='ltr'>et</span> <span class='ocrx_word' id='word_1_11' title='bbox 1389 489 1545 574; x_wconf 76' lang='lat' dir='ltr'>exigentia</span> 
     </span>
    </p>
   </div>
   <div class='ocr_carea' id='block_1_3' title="bbox 180 577 1609 4774">
    <p class='ocr_par' dir='ltr' id='par_1_3' title="bbox 181 577 1543 748">
     <span class='ocr_line' id='line_1_3' title="bbox 185 577 1543 662; baseline 0 -20"><span class='ocrx_word' id='word_1_12' title='bbox 185 579 286 643; x_wconf 91' lang='lat' dir='ltr'>status</span> <span class='ocrx_word' id='word_1_13' title='bbox 310 581 376 642; x_wconf 91' lang='lat' dir='ltr'>tum</span> <span class='ocrx_word' id='word_1_14' title='bbox 400 579 569 656; x_wconf 79' lang='lat' dir='ltr'>existentis,</span> <span class='ocrx_word' id='word_1_15' title='bbox 594 579 731 642; x_wconf 88' lang='lat' dir='ltr'>attamen</span> <span class='ocrx_word' id='word_1_16' title='bbox 763 577 940 660; x_wconf 80' lang='lat' dir='ltr'>genuflexus</span> <span class='ocrx_word' id='word_1_17' title='bbox 971 598 1019 644; x_wconf 93' lang='lat' dir='ltr'>me</span> <span class='ocrx_word' id='word_1_18' title='bbox 1050 579 1196 662; x_wconf 88' lang='lat' dir='ltr'>prouolue</span> <span class='ocrx_word' id='word_1_19' title='bbox 1229 579 1268 642; x_wconf 89' lang='lat' dir='ltr'>ad</span> <span class='ocrx_word' id='word_1_20' title='bbox 1292 596 1363 644; x_wconf 93' lang='lat' dir='ltr'>suos</span> <span class='ocrx_word' id='word_1_21' title='bbox 1386 594 1543 645; x_wconf 86' lang='lat' dir='ltr'>caesareos</span> 
     </span>
     <span class='ocr_line' id='line_1_4' title="bbox 181 665 1207 748; baseline 0.001 -18"><span class='ocrx_word' id='word_1_22' title='bbox 181 667 285 748; x_wconf 89' lang='lat' dir='ltr'>pedes,</span> <span class='ocrx_word' id='word_1_23' title='bbox 310 684 346 730; x_wconf 89' lang='lat' dir='ltr'>ac</span> <span class='ocrx_word' id='word_1_24' title='bbox 368 666 405 731; x_wconf 91' lang='lat' dir='ltr'>de</span> <span class='ocrx_word' id='word_1_25' title='bbox 428 667 516 730; x_wconf 89' lang='lat' dir='ltr'>tauta</span> <span class='ocrx_word' id='word_1_26' title='bbox 537 665 714 748; x_wconf 74' lang='lat' dir='ltr'>arroganttt</span> <span class='ocrx_word' id='word_1_27' title='bbox 736 665 912 730; x_wconf 90' lang='lat' dir='ltr'>humillime</span> <span class='ocrx_word' id='word_1_28' title='bbox 937 668 1055 732; x_wconf 89' lang='lat' dir='ltr'>veniam</span> <span class='ocrx_word' id='word_1_29' title='bbox 1079 669 1159 748; x_wconf 91' lang='lat' dir='ltr'>peto.</span> <span class='ocrx_word' id='word_1_30' title='bbox 1206 701 1207 704; x_wconf 33' lang='lat'>¹</span> 
     </span>
    </p>

    <p class='ocr_par' dir='ltr' id='par_1_4' title="bbox 183 751 1609 2588">
     <span class='ocr_line' id='line_1_5' title="bbox 289 751 1541 837; baseline -0.001 -20"><span class='ocrx_word' id='word_1_31' title='bbox 289 753 417 818; x_wconf 80' lang='lat' dir='ltr'>Pe&#39;rueni</span> <span class='ocrx_word' id='word_1_32' title='bbox 446 752 701 830; x_wconf 81' lang='lat' dir='ltr'>Oialratburnam,</span> <span class='ocrx_word' id='word_1_33' title='bbox 733 752 785 817; x_wconf 91' lang='lat' dir='ltr'>ubi</span> <span class='ocrx_word' id='word_1_34' title='bbox 823 772 925 818; x_wconf 90' lang='lat' dir='ltr'>eomes</span> <span class='ocrx_word' id='word_1_35' title='bbox 954 754 1052 818; x_wconf 90' lang='lat' dir='ltr'>banus</span> <span class='ocrx_word' id='word_1_36' title='bbox 1085 755 1191 819; x_wconf 88' lang='lat' dir='ltr'>habita</span> <span class='ocrx_word' id='word_1_37' title='bbox 1221 754 1307 837; x_wconf 90' lang='lat' dir='ltr'>prins</span> <span class='ocrx_word' id='word_1_38' title='bbox 1337 772 1355 818; x_wconf 91' lang='grc'>1</span> <span class='ocrx_word' id='word_1_39' title='bbox 1388 773 1437 818; x_wconf 90' lang='lat' dir='ltr'>me</span> <span class='ocrx_word' id='word_1_40' title='bbox 1468 751 1541 816; x_wconf 89' lang='lat' dir='ltr'>fidei</span> 
     </span>
     <span class='ocr_line' id='line_1_6' title="bbox 188 839 1542 908; baseline -0.001 -3"><span class='ocrx_word' id='word_1_41' title='bbox 188 842 357 905; x_wconf 74' lang='lat' dir='ltr'>securitate</span> <span class='ocrx_word' id='word_1_42' title='bbox 391 841 486 905; x_wconf 89' lang='lat' dir='ltr'>talem</span> <span class='ocrx_word' id='word_1_43' title='bbox 518 840 550 904; x_wconf 88' lang='lat' dir='ltr'>in</span> <span class='ocrx_word' id='word_1_44' title='bbox 580 839 714 904; x_wconf 85' lang='lat' dir='ltr'>formam</span> <span class='ocrx_word' id='word_1_45' title='bbox 745 859 831 905; x_wconf 90' lang='lat' dir='ltr'>suam</span> <span class='ocrx_word' id='word_1_46' title='bbox 863 840 978 905; x_wconf 86' lang='lat' dir='ltr'>deterit</span> <span class='ocrx_word' id='word_1_47' title='bbox 1010 843 1229 906; x_wconf 89' lang='lat' dir='ltr'>intentionem:</span> <span class='ocrx_word' id='word_1_48' title='bbox 1259 842 1304 906; x_wconf 87' lang='lat' dir='ltr'>Mi</span> <span class='ocrx_word' id='word_1_49' title='bbox 1327 840 1542 908; x_wconf 89' lang='lat' dir='ltr'>amantissime</span> 
     </span>
     <span class='ocr_line' id='line_1_7' title="bbox 189 927 1542 1012; baseline -0.001 -20"><span class='ocrx_word' id='word_1_50' title='bbox 189 929 312 993; x_wconf 91' lang='lat' dir='ltr'>domine</span> <span class='ocrx_word' id='word_1_51' title='bbox 337 929 450 992; x_wconf 87' lang='lat' dir='ltr'>frater!</span> <span class='ocrx_word' id='word_1_52' title='bbox 472 929 588 1005; x_wconf 86' lang='lat' dir='ltr'>sciatis,</span> <span class='ocrx_word' id='word_1_53' title='bbox 613 928 693 1010; x_wconf 90' lang='lat' dir='ltr'>quod</span> <span class='ocrx_word' id='word_1_54' title='bbox 712 928 804 993; x_wconf 90' lang='lat' dir='ltr'>bassa</span> <span class='ocrx_word' id='word_1_55' title='bbox 828 929 994 993; x_wconf 88' lang='lat' dir='ltr'>Bosnensis</span> <span class='ocrx_word' id='word_1_56' title='bbox 1017 930 1140 995; x_wconf 89' lang='lat' dir='ltr'>nomine</span> <span class='ocrx_word' id='word_1_57' title='bbox 1171 931 1218 994; x_wconf 90' lang='lat' dir='ltr'>sui</span> <span class='ocrx_word' id='word_1_58' title='bbox 1242 929 1436 1012; x_wconf 88' lang='lat' dir='ltr'>imperatoris</span> <span class='ocrx_word' id='word_1_59' title='bbox 1459 927 1542 991; x_wconf 86' lang='lat' dir='ltr'>trina</span> 
     </span>
     <span class='ocr_line' id='line_1_8' title="bbox 188 1012 1542 1100; baseline 0.001 -21"><span class='ocrx_word' id='word_1_60' title='bbox 188 1015 257 1080; x_wconf 90' lang='lat' dir='ltr'>uice</span> <span class='ocrx_word' id='word_1_61' title='bbox 280 1016 507 1080; x_wconf 81' lang='lat' dir='ltr'>instantissime</span> <span class='ocrx_word' id='word_1_62' title='bbox 541 1015 723 1098; x_wconf 91' lang='lat' dir='ltr'>postulauit,</span> <span class='ocrx_word' id='word_1_63' title='bbox 759 1018 794 1080; x_wconf 89' lang='lat' dir='ltr'>ut</span> <span class='ocrx_word' id='word_1_64' title='bbox 817 1016 1072 1081; x_wconf 80' lang='lat' dir='ltr'>Boleovvaczlrium</span> <span class='ocrx_word' id='word_1_65' title='bbox 1107 1018 1139 1082; x_wconf 91' lang='lat' dir='ltr'>in</span> <span class='ocrx_word' id='word_1_66' title='bbox 1171 1035 1301 1100; x_wconf 87' lang='lat' dir='ltr'>persona</span> <span class='ocrx_word' id='word_1_67' title='bbox 1317 1012 1402 1081; x_wconf 80' lang='lat' dir='ltr'>cunt</span> <span class='ocrx_word' id='word_1_68' title='bbox 1424 1015 1542 1080; x_wconf 89' lang='lat' dir='ltr'>dnobus</span> 
     </span>
     <span class='ocr_line' id='line_1_9' title="bbox 190 1102 1541 1187; baseline -0.001 -19"><span class='ocrx_word' id='word_1_69' title='bbox 190 1102 261 1168; x_wconf 89' lang='lat' dir='ltr'>aliis</span> <span class='ocrx_word' id='word_1_70' title='bbox 284 1103 443 1186; x_wconf 77' lang='lat' dir='ltr'>condignis</span> <span class='ocrx_word' id='word_1_71' title='bbox 466 1103 541 1167; x_wconf 89' lang='lat' dir='ltr'>viris</span> <span class='ocrx_word' id='word_1_72' title='bbox 565 1104 786 1168; x_wconf 87' lang='lat' dir='ltr'>intromittam.</span> <span class='ocrx_word' id='word_1_73' title='bbox 818 1103 875 1168; x_wconf 90' lang='lat' dir='ltr'>Ille</span> <span class='ocrx_word' id='word_1_74' title='bbox 908 1103 1035 1170; x_wconf 89' lang='lat' dir='ltr'>baberet</span> <span class='ocrx_word' id='word_1_75' title='bbox 1064 1105 1181 1187; x_wconf 90' lang='lat' dir='ltr'>aliquid</span> <span class='ocrx_word' id='word_1_76' title='bbox 1205 1123 1345 1170; x_wconf 88' lang='lat' dir='ltr'>summae</span> <span class='ocrx_word' id='word_1_77' title='bbox 1368 1105 1541 1168; x_wconf 88' lang='lat' dir='ltr'>considera-</span> 
     </span>
     <span class='ocr_line' id='line_1_10' title="bbox 188 1190 1542 1275; baseline 0.001 -22"><span class='ocrx_word' id='word_1_78' title='bbox 188 1191 282 1256; x_wconf 86' lang='lat' dir='ltr'>tionis</span> <span class='ocrx_word' id='word_1_79' title='bbox 305 1211 359 1275; x_wconf 91' lang='lat' dir='ltr'>per</span> <span class='ocrx_word' id='word_1_80' title='bbox 378 1191 480 1274; x_wconf 89' lang='lat' dir='ltr'>ipsum</span> <span class='ocrx_word' id='word_1_81' title='bbox 504 1191 581 1256; x_wconf 93' lang='lat' dir='ltr'>mihi</span> <span class='ocrx_word' id='word_1_82' title='bbox 599 1191 786 1267; x_wconf 80' lang='lat' dir='ltr'>nunciandi3</span> <span class='ocrx_word' id='word_1_83' title='bbox 822 1190 943 1273; x_wconf 90' lang='lat' dir='ltr'>saepius</span> <span class='ocrx_word' id='word_1_84' title='bbox 965 1193 995 1255; x_wconf 92' lang='lat' dir='ltr'>iu</span> <span class='ocrx_word' id='word_1_85' title='bbox 1021 1195 1123 1256; x_wconf 89' lang='lat' dir='ltr'>mente</span> <span class='ocrx_word' id='word_1_86' title='bbox 1146 1193 1273 1270; x_wconf 90' lang='lat' dir='ltr'>reuolui,</span> <span class='ocrx_word' id='word_1_87' title='bbox 1298 1192 1371 1274; x_wconf 93' lang='lat' dir='ltr'>quid</span> <span class='ocrx_word' id='word_1_88' title='bbox 1395 1192 1453 1254; x_wconf 91' lang='lat' dir='ltr'>sim</span> <span class='ocrx_word' id='word_1_89' title='bbox 1477 1191 1542 1255; x_wconf 82' lang='lat' dir='ltr'>fae-</span> 
     </span>
     <span class='ocr_line' id='line_1_11' title="bbox 183 1277 1543 1365; baseline -0.001 -23"><span class='ocrx_word' id='word_1_90' title='bbox 183 1279 281 1356; x_wconf 91' lang='lat' dir='ltr'>turus,</span> <span class='ocrx_word' id='word_1_91' title='bbox 305 1279 431 1344; x_wconf 88' lang='lat' dir='ltr'>tandem</span> <span class='ocrx_word' id='word_1_92' title='bbox 454 1278 559 1343; x_wconf 90' lang='lat' dir='ltr'>curaui</span> <span class='ocrx_word' id='word_1_93' title='bbox 583 1279 622 1343; x_wconf 92' lang='lat' dir='ltr'>ad</span> <span class='ocrx_word' id='word_1_94' title='bbox 646 1281 755 1344; x_wconf 85' lang='grc'><strong>1111111</strong></span> <span class='ocrx_word' id='word_1_95' title='bbox 784 1279 980 1361; x_wconf 83' lang='lat' dir='ltr'>capitaneum</span> <span class='ocrx_word' id='word_1_96' title='bbox 1011 1280 1229 1365; x_wconf 81' lang='lat' dir='ltr'>Bulovvatzlry,</span> <span class='ocrx_word' id='word_1_97' title='bbox 1262 1280 1422 1344; x_wconf 90' lang='lat' dir='ltr'>dominum</span> <span class='ocrx_word' id='word_1_98' title='bbox 1457 1277 1543 1343; x_wconf 83' lang='lat' dir='ltr'>Reri-</span> 
     </span>
     <span class='ocr_line' id='line_1_12' title="bbox 184 1365 1541 1450; baseline -0.001 -20"><span class='ocrx_word' id='word_1_99' title='bbox 184 1367 301 1431; x_wconf 83' lang='lat' dir='ltr'>aleuicz</span> <span class='ocrx_word' id='word_1_100' title='bbox 323 1369 356 1431; x_wconf 92' lang='grc'>11</span> <span class='ocrx_word' id='word_1_101' title='bbox 386 1366 544 1431; x_wconf 91' lang='lat' dir='ltr'>domiuum</span> <span class='ocrx_word' id='word_1_102' title='bbox 569 1367 724 1449; x_wconf 84' lang='lat' dir='ltr'>Pogledir,</span> <span class='ocrx_word' id='word_1_103' title='bbox 748 1367 823 1446; x_wconf 92' lang='lat' dir='ltr'>ipsis</span> <span class='ocrx_word' id='word_1_104' title='bbox 848 1367 990 1449; x_wconf 88' lang='lat' dir='ltr'>proposui</span> <span class='ocrx_word' id='word_1_105' title='bbox 1012 1366 1182 1432; x_wconf 83' lang='lat' dir='ltr'>Tuvcarum</span> <span class='ocrx_word' id='word_1_106' title='bbox 1207 1367 1396 1450; x_wconf 80' lang='lat' dir='ltr'>petitionem,</span> <span class='ocrx_word' id='word_1_107' title='bbox 1421 1365 1541 1448; x_wconf 92' lang='lat' dir='ltr'>etquid</span> 
     </span>
     <span class='ocr_line' id='line_1_13' title="bbox 186 1453 1541 1536; baseline -0.001 -18"><span class='ocrx_word' id='word_1_108' title='bbox 186 1455 259 1520; x_wconf 92' lang='lat' dir='ltr'>boni</span> <span class='ocrx_word' id='word_1_109' title='bbox 282 1454 332 1519; x_wconf 93' lang='lat' dir='ltr'>uel</span> <span class='ocrx_word' id='word_1_110' title='bbox 350 1454 425 1520; x_wconf 92' lang='lat' dir='ltr'>mali</span> <span class='ocrx_word' id='word_1_111' title='bbox 449 1474 484 1518; x_wconf 87' lang='grc'>11</span> <span class='ocrx_word' id='word_1_112' title='bbox 507 1471 543 1519; x_wconf 87' lang='grc'>11</span> <span class='ocrx_word' id='word_1_113' title='bbox 565 1455 718 1519; x_wconf 90' lang='lat' dir='ltr'>sentirent</span> <span class='ocrx_word' id='word_1_114' title='bbox 739 1454 887 1536; x_wconf 88' lang='lat' dir='ltr'>quaesiui,</span> <span class='ocrx_word' id='word_1_115' title='bbox 914 1454 1043 1536; x_wconf 88' lang='lat' dir='ltr'>denique</span> <span class='ocrx_word' id='word_1_116' title='bbox 1066 1456 1253 1520; x_wconf 89' lang='lat' dir='ltr'>unanimiter</span> <span class='ocrx_word' id='word_1_117' title='bbox 1277 1457 1440 1520; x_wconf 89' lang='lat' dir='ltr'>suaserunt</span> <span class='ocrx_word' id='word_1_118' title='bbox 1462 1453 1541 1518; x_wconf 90' lang='lat' dir='ltr'>hanc</span> 
     </span>
     <span class='ocr_line' id='line_1_14' title="bbox 187 1541 1541 1625; baseline 0 -19"><span class='ocrx_word' id='word_1_119' title='bbox 187 1541 367 1606; x_wconf 90' lang='lat' dir='ltr'>missionem</span> <span class='ocrx_word' id='word_1_120' title='bbox 389 1561 456 1607; x_wconf 90' lang='lat' dir='ltr'>esse</span> <span class='ocrx_word' id='word_1_121' title='bbox 477 1561 597 1606; x_wconf 90' lang='lat' dir='ltr'>summe</span> <span class='ocrx_word' id='word_1_122' title='bbox 622 1543 834 1620; x_wconf 89' lang='lat' dir='ltr'>necessariam,</span> <span class='ocrx_word' id='word_1_123' title='bbox 858 1545 946 1606; x_wconf 92' lang='lat' dir='ltr'>etse</span> <span class='ocrx_word' id='word_1_124' title='bbox 970 1543 1051 1624; x_wconf 89' lang='lat' dir='ltr'>ipsos</span> <span class='ocrx_word' id='word_1_125' title='bbox 1075 1562 1128 1624; x_wconf 93' lang='lat' dir='ltr'>pro</span> <span class='ocrx_word' id='word_1_126' title='bbox 1152 1543 1365 1608; x_wconf 81' lang='lat' dir='ltr'>effectuatione</span> <span class='ocrx_word' id='word_1_127' title='bbox 1381 1543 1541 1625; x_wconf 87' lang='lat' dir='ltr'>promptos</span> 
     </span>
     <span class='ocr_line' id='line_1_15' title="bbox 184 1627 1543 1712; baseline 0 -18"><span class='ocrx_word' id='word_1_128' title='bbox 184 1630 268 1694; x_wconf 90' lang='lat' dir='ltr'>ultro</span> <span class='ocrx_word' id='word_1_129' title='bbox 291 1630 510 1706; x_wconf 83' lang='lat' dir='ltr'>exhibuerunt3</span> <span class='ocrx_word' id='word_1_130' title='bbox 543 1647 600 1712; x_wconf 88' lang='lat' dir='ltr'>ego</span> <span class='ocrx_word' id='word_1_131' title='bbox 634 1629 730 1694; x_wconf 89' lang='lat' dir='ltr'>uariis</span> <span class='ocrx_word' id='word_1_132' title='bbox 761 1630 952 1711; x_wconf 79' lang='lat' dir='ltr'>respectibus</span> <span class='ocrx_word' id='word_1_133' title='bbox 984 1630 1126 1695; x_wconf 89' lang='lat' dir='ltr'>inductus</span> <span class='ocrx_word' id='word_1_134' title='bbox 1157 1649 1209 1695; x_wconf 91' lang='lat' dir='ltr'>eos</span> <span class='ocrx_word' id='word_1_135' title='bbox 1239 1629 1388 1712; x_wconf 82' lang='lat' dir='ltr'>expedivi.</span> <span class='ocrx_word' id='word_1_136' title='bbox 1414 1629 1463 1693; x_wconf 86' lang='lat' dir='ltr'>Ad</span> <span class='ocrx_word' id='word_1_137' title='bbox 1486 1627 1543 1694; x_wconf 91' lang='lat' dir='ltr'>hoc</span> 
     </span>
     <span class='ocr_line' id='line_1_16' title="bbox 187 1717 1543 1801; baseline 0 -20"><span class='ocrx_word' id='word_1_138' title='bbox 187 1717 377 1801; x_wconf 84' lang='lat' dir='ltr'>interogaui:</span> <span class='ocrx_word' id='word_1_139' title='bbox 413 1718 445 1782; x_wconf 92' lang='lat' dir='ltr'>iu</span> <span class='ocrx_word' id='word_1_140' title='bbox 468 1736 558 1800; x_wconf 91' lang='lat' dir='ltr'>quem</span> <span class='ocrx_word' id='word_1_141' title='bbox 584 1717 676 1784; x_wconf 90' lang='lat' dir='ltr'>linem</span> <span class='ocrx_word' id='word_1_142' title='bbox 700 1719 732 1782; x_wconf 92' lang='lat' dir='ltr'>et</span> <span class='ocrx_word' id='word_1_143' title='bbox 754 1719 838 1801; x_wconf 90' lang='lat' dir='ltr'>quali</span> <span class='ocrx_word' id='word_1_144' title='bbox 868 1718 1093 1784; x_wconf 76' lang='lat' dir='ltr'>instructione?</span> <span class='ocrx_word' id='word_1_145' title='bbox 1128 1718 1239 1800; x_wconf 87' lang='lat' dir='ltr'>Resp:</span> <span class='ocrx_word' id='word_1_146' title='bbox 1278 1717 1408 1782; x_wconf 91' lang='lat' dir='ltr'>Domino</span> <span class='ocrx_word' id='word_1_147' title='bbox 1440 1717 1543 1782; x_wconf 87' lang='lat' dir='ltr'>Bulvo·</span> 
     </span>
     <span class='ocr_line' id='line_1_17' title="bbox 185 1804 1543 1888; baseline -0.001 -18"><span class='ocrx_word' id='word_1_148' title='bbox 185 1805 320 1872; x_wconf 86' lang='grc'><strong>11111111</strong></span> <span class='ocrx_word' id='word_1_149' title='bbox 354 1806 511 1887; x_wconf 85' lang='lat' dir='ltr'>assignant</span> <span class='ocrx_word' id='word_1_150' title='bbox 546 1805 787 1870; x_wconf 82' lang='lat' dir='ltr'>eredentionales</span> <span class='ocrx_word' id='word_1_151' title='bbox 819 1807 850 1870; x_wconf 92' lang='lat' dir='ltr'>et</span> <span class='ocrx_word' id='word_1_152' title='bbox 877 1805 1016 1888; x_wconf 87' lang='lat' dir='ltr'>sigillum</span> <span class='ocrx_word' id='word_1_153' title='bbox 1047 1805 1228 1884; x_wconf 89' lang='lat' dir='ltr'>concredidi,</span> <span class='ocrx_word' id='word_1_154' title='bbox 1260 1805 1299 1870; x_wconf 91' lang='lat' dir='ltr'>ob</span> <span class='ocrx_word' id='word_1_155' title='bbox 1330 1806 1411 1870; x_wconf 90' lang='lat' dir='ltr'>hunc</span> <span class='ocrx_word' id='word_1_156' title='bbox 1441 1804 1543 1870; x_wconf 91' lang='lat' dir='ltr'>solum</span> 
     </span>
     <span class='ocr_line' id='line_1_18' title="bbox 185 1892 1545 1975; baseline -0.002 -17"><span class='ocrx_word' id='word_1_157' title='bbox 185 1894 291 1974; x_wconf 91' lang='lat' dir='ltr'>finem,</span> <span class='ocrx_word' id='word_1_158' title='bbox 327 1895 363 1957; x_wconf 93' lang='lat' dir='ltr'>ut</span> <span class='ocrx_word' id='word_1_159' title='bbox 392 1893 539 1956; x_wconf 90' lang='lat' dir='ltr'>maiorem</span> <span class='ocrx_word' id='word_1_160' title='bbox 579 1893 767 1970; x_wconf 87' lang='lat' dir='ltr'>praeseferat</span> <span class='ocrx_word' id='word_1_161' title='bbox 797 1894 1022 1971; x_wconf 87' lang='lat' dir='ltr'>auctoritatem,</span> <span class='ocrx_word' id='word_1_162' title='bbox 1058 1896 1089 1958; x_wconf 91' lang='lat' dir='ltr'>et</span> <span class='ocrx_word' id='word_1_163' title='bbox 1119 1894 1146 1958; x_wconf 91' lang='lat' dir='ltr'>si</span> <span class='ocrx_word' id='word_1_164' title='bbox 1171 1896 1293 1959; x_wconf 89' lang='lat' dir='ltr'>coactus</span> <span class='ocrx_word' id='word_1_165' title='bbox 1321 1893 1424 1971; x_wconf 84' lang='lat' dir='ltr'>tuerit,</span> <span class='ocrx_word' id='word_1_166' title='bbox 1448 1892 1545 1975; x_wconf 87' lang='lat' dir='ltr'>possit</span> 
     </span>
     <span class='ocr_line' id='line_1_19' title="bbox 185 1979 1542 2064; baseline 0 -20"><span class='ocrx_word' id='word_1_167' title='bbox 185 1980 284 2045; x_wconf 88' lang='lat' dir='ltr'>etiam</span> <span class='ocrx_word' id='word_1_168' title='bbox 306 1981 402 2046; x_wconf 91' lang='lat' dir='ltr'>talem</span> <span class='ocrx_word' id='word_1_169' title='bbox 426 1979 550 2062; x_wconf 88' lang='lat' dir='ltr'>qualem</span> <span class='ocrx_word' id='word_1_170' title='bbox 581 1980 658 2044; x_wconf 92' lang='lat' dir='ltr'>inire</span> <span class='ocrx_word' id='word_1_171' title='bbox 689 1981 871 2058; x_wconf 86' lang='lat' dir='ltr'>tractatum,</span> <span class='ocrx_word' id='word_1_172' title='bbox 902 1981 1077 2063; x_wconf 80' lang='lat' dir='ltr'>specialiter</span> <span class='ocrx_word' id='word_1_173' title='bbox 1105 2001 1177 2046; x_wconf 92' lang='lat' dir='ltr'>uero</span> <span class='ocrx_word' id='word_1_174' title='bbox 1208 2001 1244 2046; x_wconf 90' lang='lat' dir='ltr'>ea</span> <span class='ocrx_word' id='word_1_175' title='bbox 1266 1979 1413 2045; x_wconf 86' lang='grc'><strong>11111111</strong></span> <span class='ocrx_word' id='word_1_176' title='bbox 1435 1999 1542 2064; x_wconf 79' lang='lat' dir='ltr'>synoe-</span> 
     </span>
     <span class='ocr_line' id='line_1_20' title="bbox 184 2067 1544 2151; baseline 0 -19"><span class='ocrx_word' id='word_1_177' title='bbox 184 2067 248 2132; x_wconf 90' lang='lat' dir='ltr'>rius</span> <span class='ocrx_word' id='word_1_178' title='bbox 271 2069 406 2150; x_wconf 90' lang='lat' dir='ltr'>ipsorum</span> <span class='ocrx_word' id='word_1_179' title='bbox 423 2072 550 2132; x_wconf 87' lang='lat' dir='ltr'>mentes</span> <span class='ocrx_word' id='word_1_180' title='bbox 566 2068 725 2151; x_wconf 82' lang='lat' dir='ltr'>expiscari,</span> <span class='ocrx_word' id='word_1_181' title='bbox 750 2072 786 2132; x_wconf 91' lang='lat' dir='ltr'>ut</span> <span class='ocrx_word' id='word_1_182' title='bbox 809 2087 939 2150; x_wconf 91' lang='lat' dir='ltr'>quonam</span> <span class='ocrx_word' id='word_1_183' title='bbox 965 2085 1052 2132; x_wconf 89' lang='lat' dir='ltr'>suam</span> <span class='ocrx_word' id='word_1_184' title='bbox 1069 2088 1223 2134; x_wconf 87' lang='lat' dir='ltr'>armorum</span> <span class='ocrx_word' id='word_1_185' title='bbox 1239 2069 1352 2134; x_wconf 91' lang='lat' dir='ltr'>molem</span> <span class='ocrx_word' id='word_1_186' title='bbox 1369 2068 1544 2133; x_wconf 88' lang='lat' dir='ltr'>convertere</span> 
     </span>
     <span class='ocr_line' id='line_1_21' title="bbox 184 2155 1543 2238; baseline 0.001 -20"><span class='ocrx_word' id='word_1_187' title='bbox 184 2155 356 2233; x_wconf 89' lang='lat' dir='ltr'>intendant,</span> <span class='ocrx_word' id='word_1_188' title='bbox 381 2174 416 2221; x_wconf 92' lang='grc'>11</span> <span class='ocrx_word' id='word_1_189' title='bbox 439 2155 560 2220; x_wconf 80' lang='lat' dir='ltr'>facilius</span> <span class='ocrx_word' id='word_1_190' title='bbox 583 2157 743 2237; x_wconf 85' lang='lat' dir='ltr'>penetrare</span> <span class='ocrx_word' id='word_1_191' title='bbox 766 2157 878 2221; x_wconf 89' lang='lat' dir='ltr'>valcat.</span> <span class='ocrx_word' id='word_1_192' title='bbox 901 2157 1142 2221; x_wconf 88' lang='lat' dir='ltr'>Instructionam</span> <span class='ocrx_word' id='word_1_193' title='bbox 1164 2159 1269 2221; x_wconf 88' lang='lat' dir='ltr'>tamen</span> <span class='ocrx_word' id='word_1_194' title='bbox 1293 2156 1464 2238; x_wconf 88' lang='lat' dir='ltr'>praecisam</span> <span class='ocrx_word' id='word_1_195' title='bbox 1485 2155 1543 2219; x_wconf 91' lang='lat' dir='ltr'>bec</span> 
     </span>
     <span class='ocr_line' id='line_1_22' title="bbox 184 2241 1544 2328; baseline 0 -21"><span class='ocrx_word' id='word_1_196' title='bbox 184 2244 235 2307; x_wconf 93' lang='lat' dir='ltr'>vel</span> <span class='ocrx_word' id='word_1_197' title='bbox 257 2243 335 2307; x_wconf 92' lang='lat' dir='ltr'>illud</span> <span class='ocrx_word' id='word_1_198' title='bbox 359 2243 513 2308; x_wconf 86' lang='lat' dir='ltr'>tractandi</span> <span class='ocrx_word' id='word_1_199' title='bbox 537 2241 654 2306; x_wconf 85' lang='lat' dir='ltr'>nullam</span> <span class='ocrx_word' id='word_1_200' title='bbox 678 2243 760 2307; x_wconf 92' lang='lat' dir='ltr'>dedi.</span> <span class='ocrx_word' id='word_1_201' title='bbox 796 2242 954 2322; x_wconf 81' lang='lat' dir='ltr'>Quomodo</span> <span class='ocrx_word' id='word_1_202' title='bbox 978 2245 1080 2309; x_wconf 90' lang='lat' dir='ltr'>autem</span> <span class='ocrx_word' id='word_1_203' title='bbox 1105 2245 1206 2309; x_wconf 89' lang='lat' dir='ltr'>dictus</span> <span class='ocrx_word' id='word_1_204' title='bbox 1228 2241 1431 2328; x_wconf 84' lang='lat' dir='ltr'>Bnlrovatalry</span> <span class='ocrx_word' id='word_1_205' title='bbox 1455 2261 1487 2307; x_wconf 89' lang='lat' dir='ltr'>se</span> <span class='ocrx_word' id='word_1_206' title='bbox 1512 2244 1544 2307; x_wconf 91' lang='grc'>11</span> 
     </span>
     <span class='ocr_line' id='line_1_23' title="bbox 183 2330 1609 2413; baseline 0.004 -20"><span class='ocrx_word' id='word_1_207' title='bbox 183 2332 270 2413; x_wconf 86' lang='lat' dir='ltr'>regia</span> <span class='ocrx_word' id='word_1_208' title='bbox 291 2331 460 2395; x_wconf 80' lang='lat' dir='ltr'>ancarum</span> <span class='ocrx_word' id='word_1_209' title='bbox 484 2331 731 2412; x_wconf 84' lang='lat' dir='ltr'>comportaverit,</span> <span class='ocrx_word' id='word_1_210' title='bbox 754 2333 787 2395; x_wconf 91' lang='lat' dir='ltr'>et</span> <span class='ocrx_word' id='word_1_211' title='bbox 815 2330 888 2413; x_wconf 91' lang='lat' dir='ltr'>quid</span> <span class='ocrx_word' id='word_1_212' title='bbox 917 2333 1037 2412; x_wconf 86' lang='lat' dir='ltr'>praeter</span> <span class='ocrx_word' id='word_1_213' title='bbox 1069 2351 1172 2396; x_wconf 92' lang='lat' dir='ltr'>meam</span> <span class='ocrx_word' id='word_1_214' title='bbox 1195 2337 1329 2397; x_wconf 88' lang='lat' dir='ltr'>mentam</span> <span class='ocrx_word' id='word_1_215' title='bbox 1353 2331 1499 2408; x_wconf 83' lang='lat' dir='ltr'>effecerit,</span> <span class='ocrx_word' id='word_1_216' title='bbox 1525 2349 1543 2394; x_wconf 91' lang='grc'>1</span> <span class='ocrx_word' id='word_1_217' title='bbox 1608 2395 1609 2398; x_wconf 74' lang='grc'>,</span> 
     </span>
     <span class='ocr_line' id='line_1_24' title="bbox 184 2417 1544 2502; baseline 0 -20"><span class='ocrx_word' id='word_1_218' title='bbox 184 2418 307 2483; x_wconf 91' lang='lat' dir='ltr'>domino</span> <span class='ocrx_word' id='word_1_219' title='bbox 329 2417 497 2502; x_wconf 87' lang='lat' dir='ltr'>Pogledicb</span> <span class='ocrx_word' id='word_1_220' title='bbox 521 2417 661 2482; x_wconf 92' lang='lat' dir='ltr'>dominus</span> <span class='ocrx_word' id='word_1_221' title='bbox 684 2418 781 2483; x_wconf 83' lang='lat' dir='ltr'>frater</span> <span class='ocrx_word' id='word_1_222' title='bbox 807 2418 963 2500; x_wconf 89' lang='lat' dir='ltr'>percipere</span> <span class='ocrx_word' id='word_1_223' title='bbox 986 2417 1147 2501; x_wconf 86' lang='lat' dir='ltr'>dignetur;</span> <span class='ocrx_word' id='word_1_224' title='bbox 1172 2438 1262 2502; x_wconf 89' lang='lat' dir='ltr'>quem</span> <span class='ocrx_word' id='word_1_225' title='bbox 1286 2420 1437 2497; x_wconf 84' lang='lat' dir='ltr'>exaudivi,</span> <span class='ocrx_word' id='word_1_226' title='bbox 1461 2419 1544 2482; x_wconf 90' lang='lat' dir='ltr'>eius·</span> 
     </span>
     <span class='ocr_line' id='line_1_25' title="bbox 185 2504 904 2588; baseline 0.003 -20"><span class='ocrx_word' id='word_1_227' title='bbox 185 2523 243 2587; x_wconf 92' lang='lat' dir='ltr'>que</span> <span class='ocrx_word' id='word_1_228' title='bbox 267 2505 405 2588; x_wconf 79' lang='lat' dir='ltr'>exposito</span> <span class='ocrx_word' id='word_1_229' title='bbox 428 2507 588 2587; x_wconf 83' lang='lat' dir='ltr'>sequentia</span> <span class='ocrx_word' id='word_1_230' title='bbox 612 2505 672 2569; x_wconf 84' lang='lat' dir='ltr'>fuit</span> <span class='ocrx_word' id='word_1_231' title='bbox 693 2504 904 2571; x_wconf 82' lang='lat' dir='ltr'>formalitatis.</span> 
     </span>
    </p>

    <p class='ocr_par' dir='ltr' id='par_1_5' title="bbox 180 2591 1601 4774">
     <span class='ocr_line' id='line_1_26' title="bbox 290 2591 1544 2678; baseline 0.002 -22"><span class='ocrx_word' id='word_1_232' title='bbox 290 2591 524 2675; x_wconf 80' lang='lat' dir='ltr'>Quamprimum</span> <span class='ocrx_word' id='word_1_233' title='bbox 544 2591 745 2678; x_wconf 82' lang='lat' dir='ltr'>Bnkovatalry</span> <span class='ocrx_word' id='word_1_234' title='bbox 768 2593 798 2657; x_wconf 91' lang='lat' dir='ltr'>in</span> <span class='ocrx_word' id='word_1_235' title='bbox 821 2592 1052 2658; x_wconf 77' lang='lat' dir='ltr'>Thessaloniam</span> <span class='ocrx_word' id='word_1_236' title='bbox 1077 2593 1210 2672; x_wconf 89' lang='lat' dir='ltr'>advenit,</span> <span class='ocrx_word' id='word_1_237' title='bbox 1234 2593 1409 2678; x_wconf 90' lang='lat' dir='ltr'>ibidemque</span> <span class='ocrx_word' id='word_1_238' title='bbox 1427 2592 1544 2658; x_wconf 83' lang='lat' dir='ltr'>inlelli-</span> 
     </span>
     <span class='ocr_line' id='line_1_27' title="bbox 186 2679 1545 2763; baseline -0.001 -18"><span class='ocrx_word' id='word_1_239' title='bbox 186 2679 248 2745; x_wconf 89' lang='lat' dir='ltr'>bile</span> <span class='ocrx_word' id='word_1_240' title='bbox 272 2683 378 2746; x_wconf 91' lang='lat' dir='ltr'>eontra</span> <span class='ocrx_word' id='word_1_241' title='bbox 401 2699 456 2744; x_wconf 89' lang='lat' dir='ltr'>nos</span> <span class='ocrx_word' id='word_1_242' title='bbox 480 2681 597 2746; x_wconf 89' lang='lat' dir='ltr'>bellum</span> <span class='ocrx_word' id='word_1_243' title='bbox 622 2681 724 2762; x_wconf 87' lang='lat' dir='ltr'>parari</span> <span class='ocrx_word' id='word_1_244' title='bbox 747 2680 912 2758; x_wconf 85' lang='lat' dir='ltr'>intellexit,</span> <span class='ocrx_word' id='word_1_245' title='bbox 936 2683 1105 2763; x_wconf 89' lang='lat' dir='ltr'>assumpsit</span> <span class='ocrx_word' id='word_1_246' title='bbox 1129 2680 1322 2746; x_wconf 90' lang='lat' dir='ltr'>occasionem</span> <span class='ocrx_word' id='word_1_247' title='bbox 1347 2682 1545 2746; x_wconf 89' lang='lat' dir='ltr'>tractatuset</span> 
     </span>
     <span class='ocr_line' id='line_1_28' title="bbox 187 2767 1547 2852; baseline 0.001 -21"><span class='ocrx_word' id='word_1_248' title='bbox 187 2785 243 2831; x_wconf 90' lang='grc'>111</span> <span class='ocrx_word' id='word_1_249' title='bbox 267 2767 409 2834; x_wconf 85' lang='lat' dir='ltr'>facundia</span> <span class='ocrx_word' id='word_1_250' title='bbox 431 2787 467 2832; x_wconf 88' lang='lat' dir='ltr'>ac</span> <span class='ocrx_word' id='word_1_251' title='bbox 490 2769 671 2834; x_wconf 85' lang='lat' dir='ltr'>dexteritate</span> <span class='ocrx_word' id='word_1_252' title='bbox 702 2787 823 2833; x_wconf 89' lang='lat' dir='ltr'>summe</span> <span class='ocrx_word' id='word_1_253' title='bbox 846 2768 1083 2834; x_wconf 89' lang='lat' dir='ltr'>considerabiles</span> <span class='ocrx_word' id='word_1_254' title='bbox 1106 2787 1161 2852; x_wconf 90' lang='lat' dir='ltr'>pro</span> <span class='ocrx_word' id='word_1_255' title='bbox 1185 2769 1274 2834; x_wconf 92' lang='lat' dir='ltr'>domo</span> <span class='ocrx_word' id='word_1_256' title='bbox 1294 2769 1439 2833; x_wconf 86' lang='lat' dir='ltr'>Zriniana</span> <span class='ocrx_word' id='word_1_257' title='bbox 1463 2767 1547 2850; x_wconf 91' lang='lat' dir='ltr'>ejus·</span> 
     </span>
     <span class='ocr_line' id='line_1_29' title="bbox 188 2855 1545 2939; baseline 0.001 -20"><span class='ocrx_word' id='word_1_258' title='bbox 188 2874 246 2936; x_wconf 89' lang='lat' dir='ltr'>que</span> <span class='ocrx_word' id='word_1_259' title='bbox 268 2857 475 2922; x_wconf 87' lang='lat' dir='ltr'>attinentibus</span> <span class='ocrx_word' id='word_1_260' title='bbox 508 2858 540 2920; x_wconf 93' lang='lat' dir='ltr'>et</span> <span class='ocrx_word' id='word_1_261' title='bbox 570 2858 629 2920; x_wconf 89' lang='lat' dir='ltr'>toti</span> <span class='ocrx_word' id='word_1_262' title='bbox 659 2856 777 2939; x_wconf 89' lang='lat' dir='ltr'>patriae</span> <span class='ocrx_word' id='word_1_263' title='bbox 808 2857 958 2938; x_wconf 88' lang='lat' dir='ltr'>proficuas</span> <span class='ocrx_word' id='word_1_264' title='bbox 979 2857 1133 2921; x_wconf 84' lang='lat' dir='ltr'>stabilivit</span> <span class='ocrx_word' id='word_1_265' title='bbox 1155 2856 1356 2934; x_wconf 88' lang='lat' dir='ltr'>conditiones,</span> <span class='ocrx_word' id='word_1_266' title='bbox 1380 2875 1436 2922; x_wconf 88' lang='lat' dir='ltr'>nec</span> <span class='ocrx_word' id='word_1_267' title='bbox 1460 2855 1545 2921; x_wconf 88' lang='lat' dir='ltr'>alind</span> 
     </span>
     <span class='ocr_line' id='line_1_30' title="bbox 187 2943 1544 3026; baseline 0.001 -18"><span class='ocrx_word' id='word_1_268' title='bbox 187 2945 282 3022; x_wconf 86' lang='lat' dir='ltr'>deest,</span> <span class='ocrx_word' id='word_1_269' title='bbox 307 2963 398 3026; x_wconf 90' lang='lat' dir='ltr'>quam</span> <span class='ocrx_word' id='word_1_270' title='bbox 423 2945 568 3008; x_wconf 87' lang='lat' dir='ltr'>audacter</span> <span class='ocrx_word' id='word_1_271' title='bbox 590 2963 638 3007; x_wconf 91' lang='lat' dir='ltr'>res</span> <span class='ocrx_word' id='word_1_272' title='bbox 662 2943 872 3026; x_wconf 84' lang='lat' dir='ltr'>aggrediatur,</span> <span class='ocrx_word' id='word_1_273' title='bbox 897 2943 935 3008; x_wconf 91' lang='lat' dir='ltr'>de</span> <span class='ocrx_word' id='word_1_274' title='bbox 959 2945 1075 3026; x_wconf 92' lang='lat' dir='ltr'>reliquo</span> <span class='ocrx_word' id='word_1_275' title='bbox 1100 2944 1201 3009; x_wconf 90' lang='lat' dir='ltr'>omnia</span> <span class='ocrx_word' id='word_1_276' title='bbox 1224 2945 1350 3009; x_wconf 91' lang='lat' dir='ltr'>suntin</span> <span class='ocrx_word' id='word_1_277' title='bbox 1374 2944 1513 3026; x_wconf 88' lang='lat' dir='ltr'>precinct</span> <span class='ocrx_word' id='word_1_278' title='bbox 1536 2993 1544 3009; x_wconf 93' lang='lat'>.</span> 
     </span>
     <span class='ocr_line' id='line_1_31' title="bbox 189 3031 1547 3115; baseline 0 -19"><span class='ocrx_word' id='word_1_279' title='bbox 189 3031 389 3096; x_wconf 82' lang='lat' dir='ltr'>Conditiones</span> <span class='ocrx_word' id='word_1_280' title='bbox 419 3033 491 3095; x_wconf 89' lang='lat' dir='ltr'>suut</span> <span class='ocrx_word' id='word_1_281' title='bbox 520 3032 616 3095; x_wconf 90' lang='lat' dir='ltr'>istae:</span> <span class='ocrx_word' id='word_1_282' title='bbox 659 3031 765 3096; x_wconf 91' lang='lat' dir='ltr'>Primo</span> <span class='ocrx_word' id='word_1_283' title='bbox 795 3031 875 3112; x_wconf 93' lang='lat' dir='ltr'>quod</span> <span class='ocrx_word' id='word_1_284' title='bbox 907 3033 1141 3115; x_wconf 89' lang='lat' dir='ltr'>potentissimus</span> <span class='ocrx_word' id='word_1_285' title='bbox 1176 3033 1346 3098; x_wconf 77' lang='lat' dir='ltr'>&#39;Parcarum</span> <span class='ocrx_word' id='word_1_286' title='bbox 1378 3033 1547 3114; x_wconf 87' lang='lat' dir='ltr'>imperator</span> 
     </span>
     <span class='ocr_line' id='line_1_32' title="bbox 187 3118 1545 3201; baseline 0 -18"><span class='ocrx_word' id='word_1_287' title='bbox 187 3138 279 3200; x_wconf 89' lang='lat' dir='ltr'>super</span> <span class='ocrx_word' id='word_1_288' title='bbox 302 3137 408 3182; x_wconf 90' lang='lat' dir='ltr'>omnes</span> <span class='ocrx_word' id='word_1_289' title='bbox 433 3119 605 3199; x_wconf 88' lang='lat' dir='ltr'>provincias</span> <span class='ocrx_word' id='word_1_290' title='bbox 629 3118 816 3182; x_wconf 81' lang='lat' dir='ltr'>chritianos</span> <span class='ocrx_word' id='word_1_291' title='bbox 846 3118 905 3183; x_wconf 92' lang='grc'><strong>1111</strong></span> <span class='ocrx_word' id='word_1_292' title='bbox 936 3119 1082 3196; x_wconf 85' lang='lat' dir='ltr'>devictas,</span> <span class='ocrx_word' id='word_1_293' title='bbox 1112 3137 1148 3184; x_wconf 91' lang='grc'>11</span> <span class='ocrx_word' id='word_1_294' title='bbox 1172 3119 1203 3183; x_wconf 92' lang='grc'>11</span> <span class='ocrx_word' id='word_1_295' title='bbox 1226 3119 1364 3201; x_wconf 85' lang='lat' dir='ltr'>proximo</span> <span class='ocrx_word' id='word_1_296' title='bbox 1387 3119 1469 3183; x_wconf 92' lang='lat' dir='ltr'>bello</span> <span class='ocrx_word' id='word_1_297' title='bbox 1492 3119 1545 3183; x_wconf 91' lang='lat' dir='ltr'>de·</span> 
     </span>
     <span class='ocr_line' id='line_1_33' title="bbox 190 3205 1546 3290; baseline 0.001 -22"><span class='ocrx_word' id='word_1_298' title='bbox 190 3205 366 3283; x_wconf 86' lang='lat' dir='ltr'>vincendas,</span> <span class='ocrx_word' id='word_1_299' title='bbox 403 3206 589 3270; x_wconf 89' lang='lat' dir='ltr'>comitem</span> <span class='ocrx_word' id='word_1_300' title='bbox 625 3206 786 3284; x_wconf 83' lang='grc'><strong>111111,</strong></span> <span class='ocrx_word' id='word_1_301' title='bbox 819 3207 986 3289; x_wconf 89' lang='lat' dir='ltr'>ejusque</span> <span class='ocrx_word' id='word_1_302' title='bbox 1019 3206 1310 3290; x_wconf 88' lang='lat' dir='ltr'>posteritatem</span> <span class='ocrx_word' id='word_1_303' title='bbox 1334 3206 1375 3272; x_wconf 92' lang='grc'>11</span> <span class='ocrx_word' id='word_1_304' title='bbox 1399 3206 1546 3290; x_wconf 88' lang='grc'><strong>111111·</strong></span> 
     </span>
     <span class='ocr_line' id='line_1_34' title="bbox 187 3292 1547 3378; baseline 0 -21"><span class='ocrx_word' id='word_1_305' title='bbox 187 3311 531 3378; x_wconf 88' lang='lat' dir='ltr'>pemsnpremum</span> <span class='ocrx_word' id='word_1_306' title='bbox 554 3292 696 3374; x_wconf 85' lang='lat' dir='ltr'>eligit,</span> <span class='ocrx_word' id='word_1_307' title='bbox 728 3311 771 3357; x_wconf 91' lang='lat' dir='ltr'>ac</span> <span class='ocrx_word' id='word_1_308' title='bbox 799 3295 884 3376; x_wconf 85' lang='lat' dir='ltr'>jure</span> <span class='ocrx_word' id='word_1_309' title='bbox 915 3298 1110 3377; x_wconf 91' lang='lat' dir='ltr'>perpetuo</span> <span class='ocrx_word' id='word_1_310' title='bbox 1133 3294 1366 3360; x_wconf 84' lang='lat' dir='ltr'>denominat</span> <span class='ocrx_word' id='word_1_311' title='bbox 1405 3293 1433 3357; x_wconf 82' lang='lat'>2.</span> <span class='ocrx_word' id='word_1_312' title='bbox 1450 3292 1547 3377; x_wconf 91' lang='lat' dir='ltr'>quod</span> 
     </span>
     <span class='ocr_line' id='line_1_35' title="bbox 189 3379 1547 3465; baseline -0.001 -19"><span class='ocrx_word' id='word_1_313' title='bbox 189 3379 420 3446; x_wconf 86' lang='lat' dir='ltr'>deficiente</span> <span class='ocrx_word' id='word_1_314' title='bbox 443 3380 580 3463; x_wconf 91' lang='lat' dir='ltr'>ipsius</span> <span class='ocrx_word' id='word_1_315' title='bbox 604 3380 736 3458; x_wconf 91' lang='lat' dir='ltr'>linea,</span> <span class='ocrx_word' id='word_1_316' title='bbox 769 3400 929 3464; x_wconf 91' lang='lat' dir='ltr'>regnum</span> <span class='ocrx_word' id='word_1_317' title='bbox 962 3379 1167 3446; x_wconf 76' lang='lat' dir='ltr'>croatiae</span> <span class='ocrx_word' id='word_1_318' title='bbox 1199 3401 1242 3447; x_wconf 89' lang='lat' dir='ltr'>ex</span> <span class='ocrx_word' id='word_1_319' title='bbox 1272 3381 1438 3465; x_wconf 90' lang='lat' dir='ltr'>proprio</span> <span class='ocrx_word' id='word_1_320' title='bbox 1461 3399 1547 3465; x_wconf 87' lang='lat' dir='ltr'>gre·</span> 
     </span>
     <span class='ocr_line' id='line_1_36' title="bbox 184 3468 1547 3551; baseline 0 -18"><span class='ocrx_word' id='word_1_321' title='bbox 184 3470 562 3534; x_wconf 86' lang='lat' dir='ltr'>miosuccessorcm</span> <span class='ocrx_word' id='word_1_322' title='bbox 587 3468 908 3551; x_wconf 86' lang='lat' dir='ltr'>eligerevaleat,</span> <span class='ocrx_word' id='word_1_323' title='bbox 931 3471 1179 3535; x_wconf 82' lang='lat' dir='ltr'>reservando</span> <span class='ocrx_word' id='word_1_324' title='bbox 1203 3470 1287 3534; x_wconf 92' lang='lat' dir='ltr'>sibi</span> <span class='ocrx_word' id='word_1_325' title='bbox 1311 3471 1547 3534; x_wconf 87' lang='lat' dir='ltr'>tamencon·</span> 
     </span>
     <span class='ocr_line' id='line_1_37' title="bbox 183 3555 1547 3638; baseline -0.001 -17"><span class='ocrx_word' id='word_1_326' title='bbox 183 3557 475 3621; x_wconf 84' lang='lat' dir='ltr'>firmationem.</span> <span class='ocrx_word' id='word_1_327' title='bbox 502 3556 531 3620; x_wconf 85' lang='lat'>3.</span> <span class='ocrx_word' id='word_1_328' title='bbox 545 3555 741 3638; x_wconf 87' lang='lat' dir='ltr'>Religionem</span> <span class='ocrx_word' id='word_1_329' title='bbox 756 3556 897 3634; x_wconf 89' lang='lat' dir='ltr'>liberam,</span> <span class='ocrx_word' id='word_1_330' title='bbox 921 3556 1067 3622; x_wconf 85' lang='lat' dir='ltr'>exercitia</span> <span class='ocrx_word' id='word_1_331' title='bbox 1089 3556 1276 3637; x_wconf 89' lang='lat' dir='ltr'>scholarum,</span> <span class='ocrx_word' id='word_1_332' title='bbox 1301 3558 1439 3638; x_wconf 90' lang='lat' dir='ltr'>aliasque</span> <span class='ocrx_word' id='word_1_333' title='bbox 1460 3556 1547 3621; x_wconf 86' lang='lat' dir='ltr'>func·</span> 
     </span>
     <span class='ocr_line' id='line_1_38' title="bbox 184 3643 1544 3727; baseline -0.001 -18"><span class='ocrx_word' id='word_1_334' title='bbox 184 3645 285 3710; x_wconf 89' lang='lat' dir='ltr'>tiones</span> <span class='ocrx_word' id='word_1_335' title='bbox 308 3643 458 3726; x_wconf 88' lang='lat' dir='ltr'>publicas,</span> <span class='ocrx_word' id='word_1_336' title='bbox 482 3643 671 3722; x_wconf 82' lang='lat' dir='ltr'>libertatern,</span> <span class='ocrx_word' id='word_1_337' title='bbox 703 3645 785 3726; x_wconf 86' lang='lat' dir='ltr'>jura·</span> <span class='ocrx_word' id='word_1_338' title='bbox 810 3646 843 3708; x_wconf 90' lang='lat' dir='ltr'>et</span> <span class='ocrx_word' id='word_1_339' title='bbox 876 3644 1039 3727; x_wconf 90' lang='lat' dir='ltr'>privilegia</span> <span class='ocrx_word' id='word_1_340' title='bbox 1073 3646 1191 3726; x_wconf 85' lang='lat' dir='ltr'>patriae</span> <span class='ocrx_word' id='word_1_341' title='bbox 1226 3663 1284 3709; x_wconf 90' lang='lat' dir='ltr'>non</span> <span class='ocrx_word' id='word_1_342' title='bbox 1317 3646 1442 3708; x_wconf 91' lang='lat' dir='ltr'>tantum</span> <span class='ocrx_word' id='word_1_343' title='bbox 1476 3645 1544 3708; x_wconf 91' lang='lat' dir='ltr'>tute</span> 
     </span>
     <span class='ocr_line' id='line_1_39' title="bbox 182 3730 1547 3815; baseline -0.001 -18"><span class='ocrx_word' id='word_1_344' title='bbox 182 3735 357 3798; x_wconf 82' lang='lat' dir='ltr'>concedere.</span> <span class='ocrx_word' id='word_1_345' title='bbox 381 3750 488 3796; x_wconf 90' lang='lat' dir='ltr'>verum</span> <span class='ocrx_word' id='word_1_346' title='bbox 511 3731 605 3796; x_wconf 89' lang='lat' dir='ltr'>etiam</span> <span class='ocrx_word' id='word_1_347' title='bbox 626 3732 832 3814; x_wconf 86' lang='lat' dir='ltr'>imposterum</span> <span class='ocrx_word' id='word_1_348' title='bbox 853 3730 978 3814; x_wconf 89' lang='lat' dir='ltr'>impune</span> <span class='ocrx_word' id='word_1_349' title='bbox 1001 3733 1033 3796; x_wconf 91' lang='lat' dir='ltr'>et</span> <span class='ocrx_word' id='word_1_350' title='bbox 1049 3731 1267 3798; x_wconf 88' lang='lat' dir='ltr'>inviolabiliter</span> <span class='ocrx_word' id='word_1_351' title='bbox 1282 3748 1461 3796; x_wconf 89' lang='lat' dir='ltr'>conservare</span> <span class='ocrx_word' id='word_1_352' title='bbox 1476 3749 1547 3815; x_wconf 90' lang='lat' dir='ltr'>pro-</span> 
     </span>
     <span class='ocr_line' id='line_1_40' title="bbox 182 3817 1546 3903; baseline 0 -19"><span class='ocrx_word' id='word_1_353' title='bbox 182 3821 279 3884; x_wconf 88' lang='lat' dir='ltr'>misit.</span> <span class='ocrx_word' id='word_1_354' title='bbox 303 3819 334 3884; x_wconf 88' lang='lat'>4.</span> <span class='ocrx_word' id='word_1_355' title='bbox 358 3820 407 3884; x_wconf 87' lang='lat' dir='ltr'>Ab</span> <span class='ocrx_word' id='word_1_356' title='bbox 430 3818 571 3884; x_wconf 87' lang='lat' dir='ltr'>universo</span> <span class='ocrx_word' id='word_1_357' title='bbox 594 3837 689 3901; x_wconf 83' lang='lat' dir='ltr'>regno</span> <span class='ocrx_word' id='word_1_358' title='bbox 711 3820 892 3901; x_wconf 87' lang='lat' dir='ltr'>Hungariae</span> <span class='ocrx_word' id='word_1_359' title='bbox 921 3821 953 3883; x_wconf 91' lang='grc'>11</span> <span class='ocrx_word' id='word_1_360' title='bbox 981 3817 1131 3898; x_wconf 78' lang='grc'><strong>01111111,</strong></span> <span class='ocrx_word' id='word_1_361' title='bbox 1162 3820 1295 3903; x_wconf 89' lang='lat' dir='ltr'>aliisque</span> <span class='ocrx_word' id='word_1_362' title='bbox 1327 3819 1359 3883; x_wconf 92' lang='lat' dir='ltr'>in</span> <span class='ocrx_word' id='word_1_363' title='bbox 1383 3818 1440 3883; x_wconf 90' lang='lat' dir='ltr'>boe</span> <span class='ocrx_word' id='word_1_364' title='bbox 1464 3819 1546 3884; x_wconf 91' lang='lat' dir='ltr'>bello</span> 
     </span>
     <span class='ocr_line' id='line_1_41' title="bbox 181 3906 1544 3989; baseline 0 -17"><span class='ocrx_word' id='word_1_365' title='bbox 181 3907 365 3989; x_wconf 86' lang='lat' dir='ltr'>occupandis</span> <span class='ocrx_word' id='word_1_366' title='bbox 389 3907 553 3987; x_wconf 89' lang='lat' dir='ltr'>provinciis</span> <span class='ocrx_word' id='word_1_367' title='bbox 576 3909 677 3988; x_wconf 90' lang='lat' dir='ltr'>majus</span> <span class='ocrx_word' id='word_1_368' title='bbox 700 3907 864 3983; x_wconf 90' lang='lat' dir='ltr'>tributum,</span> <span class='ocrx_word' id='word_1_369' title='bbox 897 3925 990 3989; x_wconf 90' lang='lat' dir='ltr'>quam</span> <span class='ocrx_word' id='word_1_370' title='bbox 1021 3907 1183 3972; x_wconf 90' lang='lat' dir='ltr'>duodecim</span> <span class='ocrx_word' id='word_1_371' title='bbox 1207 3907 1310 3972; x_wconf 91' lang='lat' dir='ltr'>millia</span> <span class='ocrx_word' id='word_1_372' title='bbox 1332 3906 1544 3989; x_wconf 85' lang='lat' dir='ltr'>imperialium</span> 
     </span>
     <span class='ocr_line' id='line_1_42' title="bbox 181 3993 1601 4076; baseline 0.001 -18"><span class='ocrx_word' id='word_1_373' title='bbox 181 3995 416 4076; x_wconf 91' lang='lat' dir='ltr'>inperpetuum</span> <span class='ocrx_word' id='word_1_374' title='bbox 441 4011 499 4057; x_wconf 91' lang='lat' dir='ltr'>noo</span> <span class='ocrx_word' id='word_1_375' title='bbox 523 3994 695 4075; x_wconf 91' lang='lat' dir='ltr'>postulabit</span> <span class='ocrx_word' id='word_1_376' title='bbox 707 4013 762 4059; x_wconf 90' lang='grc'>111</span> <span class='ocrx_word' id='word_1_377' title='bbox 774 3995 886 4076; x_wconf 84' lang='lat' dir='ltr'>eriget.</span> <span class='ocrx_word' id='word_1_378' title='bbox 910 3995 941 4058; x_wconf 82' lang='lat'>5.</span> <span class='ocrx_word' id='word_1_379' title='bbox 967 3993 1130 4076; x_wconf 81' lang='lat' dir='ltr'>Quousque</span> <span class='ocrx_word' id='word_1_380' title='bbox 1154 4013 1284 4059; x_wconf 86' lang='grc'><strong>111111</strong></span> <span class='ocrx_word' id='word_1_381' title='bbox 1303 3994 1363 4060; x_wconf 90' lang='lat' dir='ltr'>lide</span> <span class='ocrx_word' id='word_1_382' title='bbox 1380 3993 1545 4060; x_wconf 87' lang='lat' dir='ltr'>Mabume·</span> <span class='ocrx_word' id='word_1_383' title='bbox 1593 4062 1601 4072; x_wconf 76' lang='grc'><strong>,</strong></span> 
     </span>
     <span class='ocr_line' id='line_1_43' title="bbox 180 4080 1545 4164; baseline 0 -18"><span class='ocrx_word' id='word_1_384' title='bbox 180 4084 255 4146; x_wconf 91' lang='lat' dir='ltr'>tana</span> <span class='ocrx_word' id='word_1_385' title='bbox 278 4080 496 4163; x_wconf 88' lang='lat' dir='ltr'>superstiterit,</span> <span class='ocrx_word' id='word_1_386' title='bbox 520 4100 678 4164; x_wconf 90' lang='lat' dir='ltr'>nunquam</span> <span class='ocrx_word' id='word_1_387' title='bbox 701 4084 827 4164; x_wconf 87' lang='lat' dir='ltr'>gentem</span> <span class='ocrx_word' id='word_1_388' title='bbox 848 4083 989 4146; x_wconf 90' lang='lat' dir='ltr'>nostram</span> <span class='ocrx_word' id='word_1_389' title='bbox 1024 4081 1247 4164; x_wconf 88' lang='lat' dir='ltr'>derelinquere,</span> <span class='ocrx_word' id='word_1_390' title='bbox 1272 4100 1378 4146; x_wconf 88' lang='lat' dir='ltr'>verum</span> <span class='ocrx_word' id='word_1_391' title='bbox 1401 4084 1545 4164; x_wconf 88' lang='grc'><strong>111111-</strong></span> 
     </span>
     <span class='ocr_line' id='line_1_44' title="bbox 180 4167 1541 4253; baseline -0.001 -20"><span class='ocrx_word' id='word_1_392' title='bbox 180 4169 279 4233; x_wconf 91' lang='lat' dir='ltr'>tentia</span> <span class='ocrx_word' id='word_1_393' title='bbox 301 4173 333 4232; x_wconf 89' lang='lat' dir='ltr'>et</span> <span class='ocrx_word' id='word_1_394' title='bbox 356 4167 473 4232; x_wconf 88' lang='lat' dir='ltr'>vicibus</span> <span class='ocrx_word' id='word_1_395' title='bbox 507 4171 613 4232; x_wconf 89' lang='lat' dir='ltr'>contra</span> <span class='ocrx_word' id='word_1_396' title='bbox 653 4187 806 4253; x_wconf 90' lang='lat' dir='ltr'>quemque</span> <span class='ocrx_word' id='word_1_397' title='bbox 839 4168 1051 4251; x_wconf 87' lang='lat' dir='ltr'>impetitorem</span> <span class='ocrx_word' id='word_1_398' title='bbox 1088 4170 1167 4234; x_wconf 88' lang='lat' dir='ltr'>tueri</span> <span class='ocrx_word' id='word_1_399' title='bbox 1200 4188 1235 4235; x_wconf 89' lang='lat' dir='ltr'>ac</span> <span class='ocrx_word' id='word_1_400' title='bbox 1269 4168 1432 4234; x_wconf 84' lang='lat' dir='ltr'>defendere</span> <span class='ocrx_word' id='word_1_401' title='bbox 1455 4170 1541 4240; x_wconf 86' lang='lat' dir='ltr'>velit.</span> 
     </span>
     <span class='ocr_line' id='line_1_45' title="bbox 181 4255 1543 4340; baseline 0.001 -20"><span class='ocrx_word' id='word_1_402' title='bbox 181 4257 210 4320; x_wconf 86' lang='lat'>6.</span> <span class='ocrx_word' id='word_1_403' title='bbox 234 4257 312 4339; x_wconf 92' lang='lat' dir='ltr'>quod</span> <span class='ocrx_word' id='word_1_404' title='bbox 336 4255 430 4319; x_wconf 89' lang='lat' dir='ltr'>armis</span> <span class='ocrx_word' id='word_1_405' title='bbox 454 4255 567 4320; x_wconf 91' lang='lat' dir='ltr'>nostris</span> <span class='ocrx_word' id='word_1_406' title='bbox 591 4258 628 4320; x_wconf 87' lang='lat' dir='ltr'>ed</span> <span class='ocrx_word' id='word_1_407' title='bbox 653 4256 769 4321; x_wconf 89' lang='lat' dir='ltr'>bellum</span> <span class='ocrx_word' id='word_1_408' title='bbox 792 4257 963 4340; x_wconf 86' lang='lat' dir='ltr'>gerendum</span> <span class='ocrx_word' id='word_1_409' title='bbox 994 4256 1025 4321; x_wconf 92' lang='lat' dir='ltr'>in</span> <span class='ocrx_word' id='word_1_410' title='bbox 1050 4257 1190 4340; x_wconf 88' lang='lat' dir='ltr'>partibus</span> <span class='ocrx_word' id='word_1_411' title='bbox 1214 4256 1343 4322; x_wconf 88' lang='lat' dir='ltr'>remotis</span> <span class='ocrx_word' id='word_1_412' title='bbox 1367 4259 1399 4321; x_wconf 93' lang='lat' dir='ltr'>et</span> <span class='ocrx_word' id='word_1_413' title='bbox 1421 4257 1543 4340; x_wconf 85' lang='lat' dir='ltr'>longin-</span> 
     </span>
     <span class='ocr_line' id='line_1_46' title="bbox 180 4342 1543 4427; baseline -0.001 -19"><span class='ocrx_word' id='word_1_414' title='bbox 180 4343 251 4427; x_wconf 90' lang='lat' dir='ltr'>quis</span> <span class='ocrx_word' id='word_1_415' title='bbox 272 4361 431 4426; x_wconf 91' lang='lat' dir='ltr'>nunquam</span> <span class='ocrx_word' id='word_1_416' title='bbox 454 4346 568 4408; x_wconf 91' lang='lat' dir='ltr'>utetur.</span> <span class='ocrx_word' id='word_1_417' title='bbox 595 4342 623 4420; x_wconf 84' lang='lat' dir='ltr'>l,</span> <span class='ocrx_word' id='word_1_418' title='bbox 647 4363 701 4425; x_wconf 92' lang='lat' dir='ltr'>pro</span> <span class='ocrx_word' id='word_1_419' title='bbox 731 4343 904 4410; x_wconf 79' lang='lat' dir='ltr'>inviolabili</span> <span class='ocrx_word' id='word_1_420' title='bbox 938 4345 1152 4410; x_wconf 88' lang='lat' dir='ltr'>observamine</span> <span class='ocrx_word' id='word_1_421' title='bbox 1175 4344 1315 4409; x_wconf 91' lang='lat' dir='ltr'>omnium</span> <span class='ocrx_word' id='word_1_422' title='bbox 1338 4343 1448 4408; x_wconf 89' lang='lat' dir='ltr'>barum</span> <span class='ocrx_word' id='word_1_423' title='bbox 1470 4355 1543 4408; x_wconf 91' lang='lat' dir='ltr'>con·</span> 
     </span>
     <span class='ocr_line' id='line_1_47' title="bbox 181 4430 1540 4514; baseline 0.001 -21"><span class='ocrx_word' id='word_1_424' title='bbox 181 4431 345 4509; x_wconf 89' lang='lat' dir='ltr'>ditionum,</span> <span class='ocrx_word' id='word_1_425' title='bbox 369 4433 488 4496; x_wconf 91' lang='lat' dir='ltr'>certum</span> <span class='ocrx_word' id='word_1_426' title='bbox 512 4430 664 4513; x_wconf 90' lang='lat' dir='ltr'>quoddam</span> <span class='ocrx_word' id='word_1_427' title='bbox 694 4432 892 4514; x_wconf 87' lang='lat' dir='ltr'>privilegium</span> <span class='ocrx_word' id='word_1_428' title='bbox 921 4437 1062 4497; x_wconf 87' lang='lat' dir='ltr'>vocatum</span> <span class='ocrx_word' id='word_1_429' title='bbox 1094 4432 1256 4498; x_wconf 82' lang='lat' dir='ltr'>Ascileriff</span> <span class='ocrx_word' id='word_1_430' title='bbox 1275 4450 1308 4497; x_wconf 91' lang='lat' dir='ltr'>se</span> <span class='ocrx_word' id='word_1_431' title='bbox 1330 4431 1540 4497; x_wconf 84' lang='lat' dir='ltr'>infallibibter</span> 
     </span>
     <span class='ocr_line' id='line_1_48' title="bbox 181 4518 1539 4603; baseline 0 -20"><span class='ocrx_word' id='word_1_432' title='bbox 181 4537 409 4596; x_wconf 88' lang='lat' dir='ltr'>concessurum,</span> <span class='ocrx_word' id='word_1_433' title='bbox 434 4518 572 4600; x_wconf 91' lang='lat' dir='ltr'>illudque</span> <span class='ocrx_word' id='word_1_434' title='bbox 595 4520 796 4603; x_wconf 85' lang='lat' dir='ltr'>quantocyus,</span> <span class='ocrx_word' id='word_1_435' title='bbox 828 4519 934 4584; x_wconf 87' lang='lat' dir='ltr'>debite</span> <span class='ocrx_word' id='word_1_436' title='bbox 958 4520 1151 4598; x_wconf 88' lang='lat' dir='ltr'>solennitate,</span> <span class='ocrx_word' id='word_1_437' title='bbox 1183 4538 1244 4585; x_wconf 91' lang='lat' dir='ltr'>una</span> <span class='ocrx_word' id='word_1_438' title='bbox 1264 4538 1335 4584; x_wconf 91' lang='lat' dir='ltr'>cum</span> <span class='ocrx_word' id='word_1_439' title='bbox 1359 4519 1539 4585; x_wconf 89' lang='lat' dir='ltr'>muneribus</span> 
     </span>
     <span class='ocr_line' id='line_1_49' title="bbox 181 4606 1542 4696; baseline -0.001 -24"><span class='ocrx_word' id='word_1_440' title='bbox 181 4607 346 4682; x_wconf 87' lang='lat' dir='ltr'>consuetis,</span> <span class='ocrx_word' id='word_1_441' title='bbox 380 4607 522 4690; x_wconf 90' lang='lat' dir='ltr'>(quorum</span> <span class='ocrx_word' id='word_1_442' title='bbox 553 4609 676 4672; x_wconf 88' lang='lat' dir='ltr'>uomina</span> <span class='ocrx_word' id='word_1_443' title='bbox 708 4607 848 4689; x_wconf 88' lang='lat' dir='ltr'>specifice</span> <span class='ocrx_word' id='word_1_444' title='bbox 871 4626 930 4672; x_wconf 93' lang='lat' dir='ltr'>non</span> <span class='ocrx_word' id='word_1_445' title='bbox 956 4606 1123 4696; x_wconf 84' lang='lat' dir='ltr'>recordor),</span> <span class='ocrx_word' id='word_1_446' title='bbox 1152 4626 1185 4672; x_wconf 86' lang='lat' dir='ltr'>ae</span> <span class='ocrx_word' id='word_1_447' title='bbox 1209 4607 1379 4672; x_wconf 89' lang='lat' dir='ltr'>missurum</span> <span class='ocrx_word' id='word_1_448' title='bbox 1402 4623 1542 4688; x_wconf 93' lang='lat' dir='ltr'>compro-</span> 
     </span>
     <span class='ocr_line' id='line_1_50' title="bbox 180 4693 1541 4774; baseline 0 -14"><span class='ocrx_word' id='word_1_449' title='bbox 180 4694 277 4760; x_wconf 89' lang='lat' dir='ltr'>misit.</span> <span class='ocrx_word' id='word_1_450' title='bbox 300 4695 350 4759; x_wconf 81' lang='grc'>111</span> <span class='ocrx_word' id='word_1_451' title='bbox 373 4712 444 4759; x_wconf 90' lang='grc'><strong>1111</strong></span> <span class='ocrx_word' id='word_1_452' title='bbox 467 4693 569 4758; x_wconf 90' lang='lat' dir='ltr'>omnia</span> <span class='ocrx_word' id='word_1_453' title='bbox 591 4695 636 4759; x_wconf 91' lang='lat' dir='ltr'>ita</span> <span class='ocrx_word' id='word_1_454' title='bbox 659 4713 692 4759; x_wconf 90' lang='lat' dir='ltr'>se</span> <span class='ocrx_word' id='word_1_455' title='bbox 714 4695 859 4773; x_wconf 85' lang='lat' dir='ltr'>babeant,</span> <span class='ocrx_word' id='word_1_456' title='bbox 883 4694 980 4760; x_wconf 90' lang='lat' dir='ltr'>oculis</span> <span class='ocrx_word' id='word_1_457' title='bbox 1004 4713 1063 4760; x_wconf 90' lang='grc'>111</span> <span class='ocrx_word' id='word_1_458' title='bbox 1079 4695 1151 4774; x_wconf 91' lang='lat' dir='ltr'>vidi,</span> <span class='ocrx_word' id='word_1_459' title='bbox 1176 4695 1275 4760; x_wconf 85' lang='lat' dir='ltr'>relata</span> <span class='ocrx_word' id='word_1_460' title='bbox 1290 4695 1413 4760; x_wconf 87' lang='lat' dir='ltr'>tantum</span> <span class='ocrx_word' id='word_1_461' title='bbox 1431 4693 1541 4760; x_wconf 86' lang='lat' dir='ltr'>refero.</span> 
     </span>
    </p>
   </div>
   <div class='ocr_carea' id='block_1_4' title="bbox 0 0 1783 5272">
    <p class='ocr_par' dir='ltr' id='par_1_6' title="bbox 0 0 1783 5272">
     <span class='ocr_line' id='line_1_51' title="bbox 0 0 1783 5272; baseline 0 0"><span class='ocrx_word' id='word_1_462' title='bbox 0 0 1783 5272; x_wconf 95' lang='lat' dir='ltr'> </span> 
     </span>
    </p>
   </div>
  </div>
 </body>
</html>
