3550 5272
30 1 420 279 Γ

30 641 35 658 ,,
76 617 78 622 -
169 581 334 663 repetebat.
358 583 402 648 Er
421 586 496 648 tunc
519 602 608 668 opere
622 583 713 668 pretii
729 585 842 666 putavi,
859 588 938 649 scire
960 605 1008 650 me
1024 584 1194 668 perfectam
1213 584 1404 649 voluntatem
1419 579 1530 645 turcici

30 665 32 696 ¹
172 670 382 752 imperatorie;
407 673 477 736 misi
491 672 580 736 illum
598 672 676 736 bona
693 692 745 753 spe
758 671 907 736 lactatum
925 673 963 737 de
975 675 1175 756 propensione
1188 690 1257 738 mea
1269 670 1374 736 domui
1389 669 1531 734 Ottoma·

172 756 266 833 nicae,
291 759 318 821 si
341 759 446 824 tumen
462 759 576 823 solidus
589 778 655 824 esse
671 779 793 843 possem
809 759 846 823 de
865 759 923 824 fide
939 780 1004 824 sna.
1023 761 1175 825 Reversus
1191 758 1229 823 ad
1246 760 1372 822 Portam
1388 756 1530 822 Ottcmu·

172 844 282 922 nicam,
320 846 472 911 allocutus
508 847 592 910 solus
628 867 682 930 per
715 848 880 912 leroritum
916 847 1025 913 turcici
1068 846 1264 929 imperatoris
1303 844 1530 918 Oaimecanum,

172 933 344 1014 iterumque
370 932 463 998 rediit
494 935 672 1017 ingentibus
701 935 871 1017 promissis.
902 935 988 999 Haec
1018 936 1122 999 omnia
1148 935 1287 998 recensui
1317 950 1404 997 ormo
1425 929 1533 994 comiti

175 1019 290 1084 Rottal.
322 1020 458 1104 Contigit
479 1041 529 1086 me
551 1021 605 1086 illc
629 1025 766 1105 tempore
790 1022 882 1087 ivisse
909 1023 941 1086 in
962 1041 1092 1087 comune
1112 1041 1183 1087 cum
1196 1020 1303 1086 eodem
1318 1037 1405 1084 ermc
1419 1017 1533 1082 comite

176 1107 299 1182 Rotta13
323 1110 355 1172 et
372 1107 446 1173 dum
461 1110 490 1172 in
510 1109 618 1174 itinere
630 1109 805 1188 fuissemus
829 1110 1003 1192 propositae
1023 1113 1095 1175 sunt
1119 1110 1197 1173 mihi
1218 1108 1341 1172 litterae
1356 1103 1533 1187 Hungarico

177 1213 325 1272 sermone,
349 1198 385 1260 nt
398 1196 521 1260 easdem
535 1197 738 1262 describerem
752 1199 783 1262 et
795 1198 952 1262 mitterem
968 1217 1021 1282 per
1037 1196 1315 1278 omer-Ispahijam
1338 1195 1376 1258 ad
1392 1192 1533 1266 Portam;

177 1281 273 1346 iussui
298 1283 516 1365 obtemperari,
541 1281 682 1349 Oroatico
705 1284 852 1349 idiomate
875 1287 911 1350 de
935 1285 1030 1351 verbc'
1050 1285 1089 1350 ad
1113 1285 1242 1350 verbum
1267 1281 1388 1347 exaravi
1411 1279 1534 1343 litteras

179 1389 231 1451 per
242 1388 366 1433 ermum
379 1371 482 1435 comit.
496 1370 613 1450 Rottal,
639 1375 788 1437 venerunt
810 1375 892 1437 recle
905 1372 1022 1437 literae.
1043 1372 1239 1438 Continentia
1262 1369 1424 1434 literarum
1449 1366 1534 1430 erat:

179 1457 235 1520 hoc
255 1476 345 1535 anno,
377 1458 497 1522 scilicet
518 1477 597 1524 anno
620 1460 796 1542 praeterito,
829 1461 970 1525 excusavi
1007 1480 1056 1525 me
1085 1477 1143 1524 non
1176 1458 1311 1540 potuisse
1342 1454 1535 1520 voluntatem

179 1544 329 1609 turcicam
359 1545 528 1627 adimplere
559 1545 699 1611 addendo
735 1548 886 1621 rationes3
918 1547 990 1629 quia
1024 1566 1080 1613 sua
1116 1547 1263 1611 maiestas
1295 1562 1417 1608 cesarea
1445 1539 1535 1604 inivit

179 1631 318 1714 triplices
341 1633 501 1709 aisantias,
533 1634 565 1697 et
588 1653 654 1699 sero
677 1635 709 1699 in
732 1653 811 1699 anno
832 1636 883 1712 sit,
915 1655 963 1699 me
995 1636 1123 1717 denique
1154 1633 1262 1698 abesse
1287 1633 1353 1696 tota
1375 1628 1494 1693 aestate
1518 1645 1536 1691 a

181 1719 280 1801 patria
304 1739 388 1794 mea;
412 1720 659 1804 interimpbtuli
681 1742 730 1786 me
754 1722 793 1786 ad
815 1723 941 1787 servitia
963 1726 995 1787 et
1017 1719 1318 1804 correspondentias;
1351 1717 1408 1780 hoc
1431 1715 1537 1779 thema

180 1806 240 1870 fuit
261 1806 446 1872 litterarum.
472 1809 594 1874 Reduce
617 1828 667 1872 me
690 1811 917 1892 postmultum
948 1810 1229 1886 Chialrathorniam,
1261 1806 1379 1870 interea
1402 1821 1461 1867 non
1484 1803 1537 1866 de·

181 1893 263 1957 stitit
286 1894 405 1972 Turca;
428 1895 527 1960 tribus
550 1895 666 1961 vicibus
690 1916 739 1961 me
761 1898 880 1962 curavit
895 1901 1008 1982 quaeri,
1033 1900 1140 1980 quarto
1156 1914 1226 1960 cum
1244 1891 1399 1957 mississet
1414 1889 1539 1954 advenit

183 1982 221 2045 ad
253 2000 301 2045 me
331 1983 542 2066 Bulrovatzlry,
572 1986 716 2068 rogando,
746 1985 927 2050 obtestando
955 2004 1009 2068 per
1036 1987 1168 2048 mortem
1199 1979 1403 2062 redemptoris
1427 1976 1536 2052 nostri,

183 2087 237 2151 per
254 2069 370 2134 viscera
386 2069 461 2134 Jesu
485 2067 611 2150 Christi,
636 2073 672 2136 ut
693 2072 793 2149 illum,
817 2074 937 2138 scilicet
962 2071 1171 2155 Bakouatalry,
1195 2069 1331 2145 mittam,
1356 2083 1427 2130 nam
1450 2063 1539 2128 illum

184 2157 305 2238 proprie
327 2157 440 2221 habere
473 2157 570 2224 voluit
599 2177 667 2223 cum
699 2161 814 2224 duobus
845 2161 926 2224 aliis.
955 2161 1077 2225 Interea
1096 2160 1249 2222 tractatus
1280 2153 1462 2219 interdictus
1492 2150 1540 2214 est

185 2241 438 2327 Omen-Ispahije,
469 2245 589 2328 fuitque
618 2247 774 2310 iniunctus
797 2247 903 2312 bassae
927 2246 1100 2326 Bosniensi,
1119 2246 1172 2329 qui
1190 2261 1326 2309 sororem
1342 2237 1538 2321 imperatoris

185 2330 292 2394 turcici
316 2349 378 2413 pro
394 2350 450 2396 sua
481 2334 608 2397 muliere
640 2334 742 2398 habet
763 2333 820 2398 Vir
843 2336 973 2400 militiae
998 2352 1105 2416 expers
1136 2333 1339 2397 existimatus.
1364 2325 1414 2390 Ad
1437 2327 1541 2389 tantas

185 2416 375 2500 precationes
388 2419 590 2485 Bakouatalrii
605 2425 675 2502 poet
690 2440 827 2487 mensem
843 2423 1001 2506 integrum
1021 2422 1134 2485 resolvi
1155 2439 1202 2483 me
1226 2437 1294 2482 eum
1321 2433 1392 2481 cum
1410 2411 1543 2478 difficul-

186 2507 250 2568 tate
271 2523 393 2571 summa
422 2508 575 2572 mittendi.
599 2509 678 2573 'lum
710 2510 910 2594 Bulovatrky
941 2511 1057 2574 invenit
1086 2508 1178 2584 solus,
1210 2507 1323 2586 absquo
1359 2500 1439 2565 scitu
1462 2517 1541 2576 meo,

187 2591 251 2656 suis
274 2595 522 2674 persuasionibus
547 2597 721 2662 maledictis
744 2619 838 2664 unum
862 2599 984 2662 nomine
1010 2595 1209 2661 Franciscum
1225 2588 1429 2665 Berielanich,
1446 2587 1542 2651 alium

190 2679 408 2745 Balthasarnm
424 2683 599 2766 Pogledich,
617 2686 679 2767 qui,
692 2690 729 2750 ut
747 2689 776 2750 in
788 2684 973 2752 conscientie
989 2683 1096 2761 luteae,
1111 2683 1159 2746 vel
1175 2680 1339 2745 minimam
1354 2676 1544 2741 voluntatem

188 2765 360 2832 babuerunt
382 2787 452 2834 cnm
476 2771 531 2834 illo
554 2773 656 2850 eundi,
681 2775 734 2838 sed
758 2775 895 2839 nolentes
919 2791 951 2836 se
967 2773 1176 2836 demonstrare
1188 2767 1326 2842 timidos,
1340 2763 1544 2846 pusiianimes

188 2861 423 2937 assumpserunt
445 2857 477 2921 in
494 2877 526 2922 ec
541 2859 600 2923 iter
614 2878 683 2924 cnm
701 2863 857 2926 nominato
873 2859 1084 2942 Bulovatalry.
1101 2857 1278 2938 Antequam
1296 2853 1400 2916 autem
1414 2849 1546 2913 intraret

189 2941 380 3007 Buloratalri
393 2945 535 3010 'lurcium
552 2947 683 3031 contigit
697 2949 757 3014 iste
769 2968 866 3026 casus,
889 2947 941 3030 qui
965 2965 1023 3010 nou
1047 2944 1209 3010 minimam
1231 2939 1436 3004 accidentiam
1449 2936 1547 3000 malo·

190 3047 258 3127 pum
288 3032 435 3097 censerit.
466 3033 590 3098 Accidit
608 3034 873 3120 ⁴llulrovatalryum
903 3035 997 3099 ivisse
1028 3052 1099 3098 cum
1127 3025 1361 3113 quadringentis
1393 3023 1547 3088 militibus

188 3134 221 3179 nn
237 3118 455 3197 excursionem,
472 3120 597 3187 edoctus
613 3122 737 3188 iuterim
754 3143 855 3189 comes
867 3123 1014 3188 Nicoleus
1026 3118 1158 3185 Erdeddi
1174 3117 1271 3199 ipsius
1286 3115 1448 3198 impresse,
1465 3112 1548 3177 illico

191 3221 279 3268 suum
297 3208 572 3290 vice-capitaneum
594 3213 716 3276 nomine
734 3212 840 3278 Matlro
858 3229 983 3294 propere
1007 3209 1093 3273 misit
1116 3206 1295 3279 Petriniam,
1319 3207 1351 3266 et
1374 3201 1444 3265 inde
1462 3199 1550 3264 lesti-

191 3293 300 3356 nanter
312 3292 350 3357 de
366 3299 453 3360 nocte
469 3297 556 3361 misit
572 3298 736 3380 quemdam
754 3300 895 3376 Turcam,
909 3297 972 3381 ¹qui
988 3297 1020 3360 in
1043 3295 1148 3378 parole
1170 3293 1295 3358 venerat
1311 3308 1381 3354 cum
1400 3288 1550 3353 comitatu

192 3379 365 3460 aliquorum
388 3383 534 3461 militnm,
559 3405 632 3450 suco
655 3388 812 3451 maiestati
835 3385 1068 3473 pertinentium,
1092 3379 1260 3447 nuntiando
1277 3377 1387 3442 ancis
1409 3374 1551 3441 Ocetani·

194 3466 363 3532 ciensibus:
387 3488 466 3548 ecce,
487 3471 598 3555 inquit,
621 3473 847 3539 Bulroratalius
878 3475 975 3537 intrat
1005 3471 1038 3535 in
1070 3471 1173 3535 restra
1196 3465 1335 3541 confinis,
1360 3481 1440 3528 nnnc
1462 3461 1550 3527 robis

192 3551 239 3617 las
256 3558 304 3619 est
319 3556 419 3621 delere
438 3559 530 3622 illum
552 3578 622 3625 cum
647 3562 878 3645 quadringentis
902 3559 1062 3624 militibus.
1087 3557 1201 3621 Verum
1219 3550 1430 3634 Bukovatalry,
1447 3565 1551 3612 rerum

193 3641 395 3708 confiniorum
418 3646 546 3728 peritus,
580 3648 732 3713 noscendo
756 3653 850 3726 vetat,
874 3667 909 3712 ac
939 3647 1081 3711 innatum
1110 3643 1214 3707 odium
1238 3637 1360 3703 comitis
1383 3636 1497 3700 dracoi
1520 3635 1552 3699 in

195 3747 236 3806 se,
251 3746 269 3792 a
284 3748 343 3811 quo
359 3733 480 3815 saepius
494 3734 569 3800 baec
581 3738 700 3801 tentata
710 3737 803 3803 fuisse
816 3737 911 3812 novit,
927 3735 1031 3817 posuit
1047 3731 1170 3815 vigilias
1184 3749 1219 3792 er
1231 3727 1315 3793 omni
1329 3726 1425 3806 parte;
1442 3723 1554 3789 accidit

194 3815 328 3882 Turcam
352 3821 538 3905 intempesta
554 3829 643 3891 nocte
658 3827 825 3911 impegisse
842 3828 873 3891 in
897 3824 1019 3903 vigilias
1042 3823 1075 3886 et
1096 3819 1207 3884 ductus
1230 3815 1269 3880 ad
1292 3812 1554 3896 Bakouatalyum,

195 3903 259 3982 ille,
283 3910 469 3991 evanginata
485 3913 602 3979 lramea
624 3918 737 3980 terruit
751 3916 893 3989 Turcam,
918 3916 954 3975 ut
976 3910 1069 3986 dicat,
1095 3924 1150 3972 cur
1172 3907 1215 3969 ita
1237 3904 1273 3968 de
1297 3903 1384 3966 nocte
1402 3903 1554 3984 properet,

195 4009 267 4056 cum
292 3995 410 4062 similes
434 3999 559 4079 Turcae,
583 4002 691 4086 quiin
714 4004 773 4068 lide
796 4001 1006 4076 obambulant,
1043 4000 1074 4062 et
1096 3993 1209 4060 caeteri
1232 3989 1348 4073 captivi
1375 3989 1555 4054 itinerantes

196 4097 257 4143 non
269 4079 307 4145 de
320 4088 409 4149 nocte
422 4087 474 4150 sed
489 4087 526 4153 de
539 4089 587 4154 die
600 4109 688 4155 suum
701 4091 761 4156 iter
772 4110 825 4172 per
841 4088 971 4155 confinia
986 4083 1220 4169 prosequuntur.
1235 4077 1295 4143 Hic
1310 4076 1412 4142 Turca
1428 4078 1555 4141 territus

196 4167 353 4234 confessus
366 4176 429 4238 est:
454 4194 553 4256 parce,
577 4179 708 4258 domine,
726 4178 808 4245 vitae
820 4197 915 4254 meae,
940 4172 1140 4258 quiainvitus
1156 4167 1353 4253 proficiscen
1376 4183 1448 4229 nam
1464 4180 1557 4229 nosco

196 4254 346 4322 terminos
358 4263 564 4341 confiniarios;
587 4266 762 4349 injunctum
776 4269 823 4330 est
835 4265 913 4329 mihi
929 4265 964 4327 ut
979 4266 1010 4326 ts
1027 4258 1162 4343 prodam.
1185 4255 1268 4320 Visis
1284 4253 1333 4316 his
1348 4253 1440 4316 rebus
1456 4252 1558 4315 Beko-

198 4345 311 4428 uatnky
329 4367 470 4416 reversus
489 4355 537 4418 est
549 4354 580 4416 et
592 4353 725 4420 auream
749 4355 787 4418 ad
811 4373 860 4418 me
884 4351 1022 4417 vinctum
1045 4344 1187 4422 deduxit,
1212 4361 1269 4408 non
1293 4339 1489 4406 obstantibus
1511 4339 1559 4403 tot

197 4433 426 4512 precationibus
438 4440 561 4505 comitis
574 4439 706 4507 Erdcddi
719 4443 788 4506 misi
798 4441 931 4505 Turcam
947 4437 985 4503 ad
1001 4436 1145 4500 comitem
1154 4430 1289 4506 Breiner,
1303 4426 1559 4509 vice-generalem

197 4520 398 4587 confiniorum
416 4525 699 4608 Varasdinensium,
719 4531 770 4613 qui
786 4529 928 4593 detentus
942 4526 990 4590 est
1002 4523 1105 4615 aliquo
1119 4525 1266 4601 temporo,
1282 4514 1407 4578 demum
1422 4513 1558 4613 impunis
1654 4521 1658 4528 “

197 4609 355 4692 dimissus,
379 4614 450 4679 hinc
474 4635 580 4682 rancor
602 4619 723 4683 comitis
738 4616 870 4682 Erdebdi
886 4618 992 4679 contra
1016 4629 1075 4688 me,
1099 4609 1175 4692 quod
1193 4605 1231 4670 ad
1248 4605 1353 4668 tantas
1369 4602 1559 4684 precationes

196 4715 271 4782 dicti
299 4712 423 4781 comitis
446 4707 577 4774 Erdebdi
599 4707 681 4771 nolui
704 4706 859 4770 dimittere
881 4701 1023 4766 Turcam.

302 4803 396 4871 Nunc
418 4798 507 4865 redeo
530 4795 569 4864 ad
592 4795 704 4861 seriem
722 4792 901 4859 narationis.
918 4786 1080 4863 ,Venerunt
1102 4784 1206 4866 itaque
1230 4780 1268 4857 ad
1295 4797 1354 4922 me¹¹⁸
1368 4773 1562 4841 Bukoratnlri

1466 405 1528 472 227
