3544 5288
1477 418 1542 485 405

190 610 289 658 noune
313 593 424 658 mosibo
447 611 502 676 pro
525 594 641 660 infideli
664 595 781 678 patriae
801 597 915 663 habere
950 617 999 663 me
1022 597 1200 680 potuisset?
1223 594 1284 660 Ast
1306 612 1375 658 cum
1398 593 1460 660 uidi
1477 597 1544 660 tur-

194 683 290 746 cicam
312 681 390 747 inire
412 682 720 765 correspondentiam,
744 683 830 750 illam
859 686 1044 766 scripturam
1067 686 1183 750 correxi
1213 686 1245 748 et
1268 701 1407 763 expresse
1441 683 1543 749 edidi:

194 769 221 833 si
244 771 351 834 contra
374 768 467 835 Suam
490 770 686 836 Maiestatem
703 773 735 836 ct
757 771 1022 840 christianitatem
1046 792 1105 838 uon
1128 774 1205 849 erlt;
1230 773 1262 836 et
1284 771 1339 835 illa
1362 769 1467 834 eadem
1495 790 1543 836 re·

192 856 284 922 bellio
307 875 360 938 per
384 875 432 922 me
456 858 590 924 extincta
612 859 670 924 est.
694 859 736 924 Et
758 861 833 926 baec
856 861 971 944 optime
994 862 1066 926 uota
1084 864 1157 925 eunt
1172 863 1238 925 tarn
1265 857 1344 924 Suae
1373 857 1541 936 Maiestati,

194 964 284 1028 quarn
308 944 566 1010 excellentissimo
589 946 695 1012 comiti
715 948 831 1013 Rottal.

272 1031 491 1104 ,Conditioues
514 1052 584 1099 vero
607 1053 661 1100 seu
684 1037 820 1118 proiecta
841 1036 879 1100 ad
902 1055 1038 1120 regem
1061 1035 1223 1101 Galliae
1263 1053 1418 1117 nunquam
1448 1054 1543 1118 usque

192 1138 273 1185 nunc
296 1121 367 1202 uidi,
391 1123 444 1186 sed
466 1122 669 1188 coniecturari
695 1125 770 1188 mihi
794 1125 867 1190 licet
887 1143 953 1189 esse
975 1141 1050 1206 opus
1074 1120 1227 1198 Vitnedii;
1249 1141 1320 1187 nam
1333 1123 1543 1188 marchionem

192 1206 294 1274 Guitri
327 1211 491 1293 tamquam
526 1229 579 1294 pro
603 1213 710 1276 sancto
733 1213 838 1290 coluit,
863 1231 897 1278 eo
920 1213 1000 1295 quod
1024 1211 1056 1276 iu
1088 1213 1203 1294 nuptiis
1233 1210 1289 1276 filii
1318 1211 1365 1274 sui
1394 1209 1544 1294 Soprouii,

193 1297 294 1362 nescio
317 1315 376 1380 quo
398 1298 531 1363 muneris
555 1317 673 1382 genere,
699 1299 875 1366 Vituedium
899 1300 957 1364 sibi
982 1299 1104 1365 devicit.
1129 1299 1188 1366 Sed
1211 1301 1246 1363 ut
1277 1300 1411 1364 meumm
1442 1317 1543 1364 meam

194 1385 224 1448 iu
248 1385 303 1449 hoc
326 1386 471 1469 aperiam,
496 1405 603 1468 parurn
629 1390 760 1470 prudens
796 1389 917 1454 ridetur
947 1388 1022 1453 mibi
1053 1388 1130 1452 illud
1162 1387 1349 1470 proiectum
1385 1404 1444 1451 non
1479 1388 1542 1452 scio

194 1471 266 1555 quid
289 1474 461 1556 impelleret
483 1493 586 1558 regem
610 1475 732 1541 Galliae
754 1477 794 1542 ad
816 1480 863 1542 tot
885 1476 1072 1554 discrimina,
1098 1475 1241 1558 pericula,
1273 1474 1404 1552 leharea,
1437 1476 1467 1539 el
1497 1494 1548 1539 ex-

194 1579 313 1642 pensas,
347 1563 405 1627 nisi
436 1581 592 1628 summum
616 1564 769 1630 delirium.
804 1565 1015 1643 Crediderim,
1050 1564 1097 1629 sui
1127 1563 1243 1647 ingenii
1273 1562 1446 1628 subtilitate
1476 1564 1548 1628 ante

194 1648 365 1732 palatinum
389 1649 563 1716 existimare
587 1670 619 1716 se
642 1652 749 1717 voluit.

299 1737 345 1802 De
367 1740 558 1804 tractatu
577 1741 711 1822 patris
735 1740 955 1824 Bargillii,
980 1759 1033 1806 seu
1057 1758 1112 1805 suo
1134 1741 1206 1806 ficto
1228 1739 1350 1806 nomine
1380 1737 1549 1804 abbatis

193 1823 441 1905 Palmarini,
465 1827 526 1892 iam
550 1829 641 1892 autea
663 1827 695 1892 in
718 1828 856 1893 examine
875 1828 1030 1902 rauellaui.
1055 1827 1171 1892 Missus
1190 1829 1239 1892 est
1260 1845 1279 1892 a
1302 1844 1352 1891 me
1374 1845 1428 1908 pro
1463 1826 1549 1892 uobi-

194 1912 284 1976 litate
300 1913 432 1994 peteuda
455 1915 485 1978 iu
520 1915 691 1981 Pelopiam.
723 1915 881 1999 Siquidem
917 1916 1104 1982 Palatinissa
1137 1916 1236 1981 uoluit
1271 1914 1347 1979 mibi
1386 1915 1459 1980 dare
1494 1932 1550 1979 sua

194 2001 270 2066 bona
293 2001 449 2079 Polonica,
472 2002 589 2068 interna
613 2006 747 2069 residens
770 2005 897 2082 Daniae,
921 2005 1027 2070 audito
1044 2004 1146 2108 patris
1161 2004 1283 2080 itinere,
1309 2003 1435 2086 rogauit
1459 2003 1549 2068 illurn

195 2091 230 2154 ut
251 2089 344 2155 faciat
367 2090 537 2172 proiectum
561 2091 598 2156 de
622 2093 817 2158 matrimonio
839 2094 921 2177 regis
948 2093 1090 2157 Polourae
1115 2093 1147 2156 et
1170 2091 1217 2156 sui
1255 2089 1337 2174 regis
1371 2090 1465 2169 filiae,
1493 2108 1548 2154 nec

196 2195 251 2260 ego
275 2179 446 2242 contrarius
468 2177 523 2254 fui,
548 2179 608 2244 imo
632 2180 735 2264 rogavi
762 2179 861 2258 illurn,
887 2186 922 2246 ut
945 2179 1049 2246 videat
1073 2199 1128 2263 per
1162 2181 1219 2245 hoc
1251 2179 1384 2262 gratiam
1414 2180 1446 2244 et
1473 2177 1551 2242 mihi

195 2268 227 2331 et
250 2265 308 2329 sibi
332 2267 484 2348 aquirere;
510 2267 582 2350 qnid
606 2268 643 2332 ad
668 2288 716 2333 rue
738 2269 813 2334 alias
836 2287 945 2352 regum
969 2268 1196 2333 matrimonia?
1221 2267 1340 2348 fuitque
1356 2267 1547 2332 altissimum

196 2353 352 2418 silentium
385 2357 417 2418 et
440 2373 597 2419 summurn
621 2357 773 2421 secretum
798 2356 835 2420 de
858 2356 1054 2422 matrimonio
1078 2375 1131 2422 seu
1155 2355 1345 2437 copulatione
1378 2374 1414 2420 ex
1444 2355 1552 2419 inclita

196 2442 294 2506 Domo
312 2441 493 2516 Austriaca3
512 2463 605 2525 quum
627 2445 731 2528 itaque
754 2445 887 2510 venisset
910 2445 1103 2522 versarium,
1127 2443 1245 2508 invenit
1268 2462 1300 2507 se
1323 2442 1456 2509 maximo
1478 2459 1551 2507 cou-

196 2528 299 2593 fusum
323 2531 355 2593 et
376 2529 519 2600 anxium:
544 2534 575 2596 et
597 2532 677 2614 quod
700 2535 786 2597 tanta
807 2551 918 2616 pompa
942 2534 984 2598 sit
1014 2533 1156 2615 exceptus
1190 2535 1222 2594 et
1256 2531 1327 2615 quia
1361 2529 1439 2595 uidit
1473 2527 1551 2594 Saff-

194 2616 338 2682 hucbium
365 2616 395 2680 iu
420 2619 552 2684 tractatu
576 2620 776 2699 matrimonii,
801 2621 885 2686 illico
909 2621 1015 2685 destiti
1053 2621 1092 2685 ab
1115 2618 1254 2684 ulteriori
1278 2619 1423 2698 tractatu,
1449 2619 1480 2683 et
1505 2637 1552 2682 re-

194 2723 300 2770 uersus
324 2706 456 2780 estnec
478 2706 520 2771 ibi
544 2710 689 2772 moratus.

301 2790 350 2856 Ad
374 2793 482 2858 literas
504 2812 574 2860 vero
597 2795 843 2862 Tersachlxii
877 2815 946 2860 seu
974 2795 1248 2878 l'rangepani:
1278 2813 1314 2860 ex
1348 2793 1422 2878 ipsis
1455 2791 1552 2858 literis

196 2880 293 2962 patris
317 2880 460 2964 Bargillii
483 2885 619 2964 apparet,
645 2885 723 2966 quod
747 2885 831 2948 solus
854 2885 1030 2948 nominatus
1053 2885 1139 2966 pater
1155 2881 1335 2948 formaverit
1356 2901 1546 2964 responsum,

197 2968 281 3032 acsi
305 2988 342 3033 ex
364 2969 469 3034 debito
493 2970 559 3035 loco
581 2974 791 3053 praesentatae
816 2973 998 3046 uenissent3
1022 2971 1136 3056 hocque
1160 2991 1196 3036 ex
1219 2973 1359 3036 concerto
1393 2971 1462 3050 fuit,
1498 2987 1554 3034 uec

196 3053 320 3120 fuerunt
344 3057 416 3122 illae
438 3058 547 3124 literae
568 3061 707 3141 portatae
731 3079 784 3126 sau
808 3061 1027 3142 praesentatae,
1048 3060 1128 3124 sicut
1150 3059 1213 3123 iam
1246 3060 1277 3123 in
1311 3059 1449 3124 examine
1479 3057 1551 3122 dixi.

196 3142 277 3208 Hinc
298 3143 399 3210 uidere
415 3148 471 3222 est,
498 3151 602 3211 utrum
627 3165 683 3230 ego
709 3148 779 3214 illas
803 3147 1011 3231 conceperim
1035 3149 1086 3231 qni
1110 3165 1161 3212 eas
1184 3146 1334 3230 concepit,
1359 3145 1413 3212 ille
1433 3148 1466 3211 et
1487 3163 1554 3210 cor-

196 3233 285 3309 rexit,
311 3251 367 3297 nec
389 3251 445 3317 ego
467 3235 604 3317 prolecto
627 3236 763 3300 intellexi
793 3239 944 3314 contenta,
980 3236 1075 3300 donec
1109 3253 1168 3299 non
1201 3234 1440 3318 explicabantur.
1473 3231 1552 3313 Quid

197 3319 236 3383 ad
260 3321 429 3402 meipsius
454 3323 639 3388 marchionis
662 3330 805 3408 peraeta
831 3323 986 3389 volitantis
1010 3323 1183 3388 chimaerae
1206 3326 1338 3389 sensus?

302 3407 495 3476 Pelorum
519 3413 621 3476 summ
644 3431 734 3495 quem
772 3413 851 3490 misi,
885 3413 933 3476 vel
967 3411 1069 3495 potius
1103 3412 1228 3476 mittere
1262 3410 1345 3476 volui
1376 3409 1414 3476 ad
1450 3428 1554 3493 regern

197 3493 327 3570 Galliae,
354 3516 408 3563 uec
432 3499 493 3563 ista
516 3517 584 3563 mea
608 3499 736 3565 intentio
753 3498 813 3565 luit
836 3501 940 3566 contra
964 3499 1057 3566 Suam
1085 3499 1292 3564 Maiestatem.
1323 3498 1555 3582 Spargebantur

198 3601 252 3664 pro
277 3602 355 3661 uero,
381 3585 495 3650 bellum
517 3587 583 3652 fieri
607 3587 722 3652 Turcas
746 3589 825 3652 iuter
849 3591 882 3654 et
903 3587 1045 3665 Polonoe,
1080 3591 1111 3651 et
1135 3606 1185 3651 rex
1207 3585 1326 3652 Galliae
1357 3586 1466 3650 asistet
1496 3584 1555 3648 Po·

197 3669 285 3746 lonis,
309 3671 423 3756 hocque
447 3693 500 3754 pro
520 3673 678 3758 evangelio
701 3676 879 3741 habebatur.
912 3675 991 3755 Quid
1014 3675 1071 3740 hoc
1094 3692 1165 3757 ergo
1188 3678 1292 3740 contra
1313 3674 1421 3740 'Suam
1456 3673 1556 3737 Maie-

201 3761 327 3832 statem.
351 3761 377 3824 si
398 3779 455 3843 ego
475 3764 621 3845 tauquam
645 3763 781 3844 priuatus
806 3763 958 3828 fortunam
983 3781 1081 3827 meam
1107 3762 1327 3846 quaesivissem
1362 3762 1468 3826 contra
1497 3759 1556 3824 iui-

197 3847 294 3912 micus
318 3849 472 3914 naturales
496 3849 763 3916 Christianitatis?
787 3871 840 3916 nec
874 3852 990 3916 dictum
1025 3851 1176 3915 Polouum
1209 3850 1339 3915 instruxi
1374 3849 1477 3933 aliqua
1507 3848 1559 3913 vel

199 3935 329 3999 minima
347 3935 560 4015 instructione,
585 3939 696 4002 saltem
721 3941 752 4004 in
776 3939 819 4005 rei
844 3941 1004 4004 veritatem
1026 3937 1224 4016 nesciendam,
1250 3956 1327 4021 quae
1350 3936 1453 4002 omnia
1485 3937 1557 4001 uota

199 4021 278 4088 Suae
302 4023 457 4088 Maiestati
481 4025 622 4090 luissent.

302 4111 469 4177 Liberae
493 4133 590 4197 quae
610 4134 678 4197 par
701 4134 823 4180 meam
848 4133 1008 4179 uxorem
1031 4113 1255 4178 conbustae
1278 4113 1361 4190 sunt,
1385 4111 1555 4189 insciome,

198 4199 275 4264 satis
300 4199 377 4264 mihi
400 4201 503 4264 damni
539 4202 608 4267 inda
640 4205 711 4278 est;
748 4223 818 4268 nam
852 4203 915 4268 illis
955 4203 1111 4267 euidenter
1143 4203 1353 4267 demonstrare
1387 4200 1557 4283 potuissem

198 4307 299 4352 meam
323 4305 429 4370 puram
453 4288 666 4368 intentionem,
690 4309 745 4355 nec
764 4290 889 4355 luerunt
920 4291 1000 4354 inter
1032 4291 1088 4355 illa
1121 4289 1236 4371 scripta
1269 4287 1375 4372 magni
1409 4288 1558 4354 momenti

198 4395 252 4440 seu
275 4377 502 4459 importantiae,
528 4379 563 4442 ut
583 4379 745 4460 opinantur
772 4381 804 4444 et
826 4379 981 4460 imponere
1016 4379 1131 4442 volunt.
1166 4377 1225 4442 Illa
1260 4377 1403 4442 muliebri
1440 4377 1557 4441 terrore

199 4464 307 4528 territa
328 4483 381 4546 per
404 4465 482 4528 hanc
506 4467 739 4531 conbustionem
772 4467 889 4550 perdidi
922 4465 998 4530 satis
1033 4467 1135 4548 gravis
1172 4465 1351 4548 praeiudicii
1382 4465 1490 4530 literas
1525 4464 1557 4528 in

200 4553 330 4617 materia
354 4553 537 4628 debitorum,
562 4556 593 4616 et
616 4557 805 4619 mercantum
830 4554 1043 4637 obligationes.
1068 4553 1202 4619 Demum
1226 4555 1253 4617 si
1276 4554 1380 4619 omnia
1395 4555 1487 4618 rerba
1503 4569 1557 4635 per

199 4641 364 4706 torcularia
390 4641 517 4706 sinistre
543 4643 572 4706 in
597 4643 727 4724 speciem
752 4641 827 4708 facti
864 4643 1163 4726 interpretabuntur,
1186 4643 1268 4707 haud
1294 4641 1384 4706 dubie
1407 4659 1463 4707 uec
1486 4658 1553 4724 ego,

200 4748 258 4795 uec
281 4729 362 4794 ullus
386 4729 488 4794 saluus
514 4730 677 4794 emanabit.

305 4816 390 4882 Haec
414 4817 516 4900 aliqua
537 4818 778 4886 consideratione
802 4819 896 4904 digna
918 4821 990 4885 suut
1010 4819 1042 4884 in
1066 4837 1232 4902 proceseu;
1256 4820 1356 4884 cetera
1384 4835 1461 4901 quae
1491 4835 1559 4882 am-
