3550 5272
222 394 288 462 236

228 590 321 658 quam
345 587 466 652 sempor
496 569 532 634 de
561 586 612 634 me
642 568 816 635 habuerunt
843 569 1058 654 suspicionem,
1088 571 1216 638 eandem
1245 571 1303 638 sub
1326 589 1446 638 summo
1470 571 1589 636 secreto

228 657 459 734 conservabant,
485 657 516 721 et
537 655 613 721 licet
635 657 777 721 dominus
800 656 898 722 banus
920 661 991 741 post
1014 659 1190 725 stabilitum
1212 657 1275 724 iam
1304 661 1473 726 tractatum
1498 676 1587 724 snam

222 747 427 813 intentionem
450 744 553 827 aliquo
576 747 665 808 modo
682 743 758 808 mihi
777 745 1024 824 comunicaverit,
1042 766 1169 830 eamque
1180 746 1357 812 nullatenus
1374 750 1482 812 contra
1495 746 1589 811 devo-

224 838 341 900 tionem
359 832 605 898 Christianitatis
621 833 652 896 et
670 830 865 897 fidelitatem·
882 835 1002 898 vestrae
1023 833 1253 900 sacratissimas
1269 834 1442 900 maiestatis
1466 834 1587 900 exstare

225 921 404 988 firmissime
428 919 604 996 asseruerit,
634 921 687 983 sed
715 938 790 1002 pure
813 922 887 1003 pute
911 921 949 985 ob
978 939 1087 986 causas
1110 922 1141 986 in
1165 921 1261 1006 priori
1281 922 1429 986 relatione
1452 920 1586 1004 positam

225 1012 364 1076 attamen
387 1007 478 1073 facile
502 1006 799 1089 comprehendebam
823 1009 939 1073 dicium
953 1009 1099 1074 comitem
1123 1027 1244 1076 mecum
1265 1010 1412 1075 simulare
1428 1010 1460 1074 at
1474 1008 1587 1074 intrin-

225 1117 292 1163 sece
315 1097 394 1162 alios
419 1094 520 1160 fovere
543 1095 707 1176 conceptus
724 1095 756 1159 et
770 1096 1024 1162 machinationes,
1042 1098 1112 1162 Ideo
1129 1098 1250 1179 saepius
1267 1097 1369 1181 ipsum
1385 1096 1585 1180 alloquebar:

225 1185 368 1269 dignetur
391 1183 457 1249 sine
478 1182 546 1248 tuce
570 1185 602 1250 et
624 1183 693 1248 dolo
716 1201 807 1248 suurn
836 1185 978 1266 domgere
1009 1185 1158 1263 animum,
1187 1184 1267 1250 forte
1297 1203 1366 1250 mea
1394 1183 1535 1263 consilia,
1559 1183 1588 1250 si

224 1292 283 1339 nou
306 1271 443 1356 proficua
465 1271 577 1336 saltem
601 1289 662 1335 non
685 1269 814 1336 obnoxia
837 1271 896 1354 ipsi
912 1271 990 1347 lore;
1014 1291 1092 1338 vana
1114 1275 1219 1338 autem
1235 1271 1362 1337 fuerunt
1376 1272 1530 1338 tentativa
1552 1271 1586 1336 et

224 1363 346 1427 tantum
370 1359 525 1443 prioribus
552 1359 706 1440 responsis
730 1377 762 1423 se
787 1358 1002 1425 subtrahebat.
1027 1360 1146 1426 Ultimo
1174 1378 1245 1424 cum
1268 1363 1391 1442 praeter
1415 1377 1503 1424 ruam
1518 1359 1586 1441 opi·

227 1451 352 1514 nionem
373 1447 551 1530 suppositae
574 1447 735 1512 citationes
758 1447 791 1510 et
811 1445 932 1512 oblatae
953 1447 1304 1513 insinuationeeanullo
1327 1445 1478 1512 tribunali
1501 1464 1585 1512 com·

225 1537 379 1621 parerent,
405 1553 510 1599 rernm
534 1535 583 1598 via
604 1535 679 1599 iacti
702 1534 788 1598 nulla
804 1536 927 1616 praevia
941 1552 1052 1600 causae
1068 1535 1244 1618 cognitione
1261 1537 1404 1601 universa
1428 1551 1485 1600 sua
1508 1533 1587 1599 boue

146 1691 149 1696 ,
224 1642 408 1706 suorumque
422 1622 652 1686 adhaerentium
666 1623 899 1687 devastarentur
911 1625 942 1688 et
955 1626 1184 1706 occuparentur,
1198 1623 1244 1688 ira
1260 1642 1296 1688 ac
1308 1622 1410 1688 furore
1423 1638 1588 1686 succensus

222 1712 394 1778 stabilitam
417 1729 471 1792 per
493 1709 767 1774 Buclrowaczhium
783 1729 853 1774 cum
868 1710 976 1776 Turcis
992 1710 1287 1777 confoederationem
1308 1710 1433 1775 realiter
1455 1708 1588 1791 experiri

220 1799 356 1876 resolvit,
370 1799 401 1862 et
414 1796 592 1861 immediate
607 1797 666 1879 ipsi
680 1796 713 1861 in
726 1796 840 1861 Turcia
853 1799 996 1863 existenti
1008 1798 1197 1882 perscripsit,
1214 1799 1250 1864 ut
1263 1799 1378 1864 Turcas
1393 1795 1587 1863 confiniarios

222 1889 252 1952 in
276 1884 438 1969 copiosiori
462 1901 599 1962 numero,
623 1901 682 1966 quo
702 1883 816 1948 habere
839 1886 951 1967 potest,
980 1904 1166 1969 congregare
1186 1881 1327 1969 i'ucipiat3
1351 1903 1459 1968 expres
1482 1884 1588 1950 autom

221 1975 325 2040 missit
338 1975 376 2038 ad
389 1971 511 2036 bassam
523 1972 713 2036 Bosnensem
725 1972 757 2035 et
768 1970 987 2052 Oanisiensam,
1001 1975 1189 2056 exposcenda
1201 1972 1347 2049 subsidia,
1367 1972 1587 2056 copiarumque

224 2061 429 2137 assistentiae,
454 2059 558 2124 auimo
577 2058 745 2124 deliberato
766 2078 799 2124 se
821 2060 929 2124 contra
943 2079 1012 2126 suos
1032 2061 1225 2142 impetitores
1242 2060 1415 2126 omnimode
1431 2058 1587 2123 vindicans

223 2149 312 2226 velle,
327 2147 406 2231 quod
420 2148 546 2212 atcerte
559 2165 794 2213 summarerum
810 2147 1019 2214 convolutione
1031 2148 1140 2213 fuisset
1153 2149 1363 2214 subsecutum.
1382 2146 1443 2214 Sed
1455 2149 1586 2228 uterque

224 2239 315 2303 bassa
338 2236 560 2300 humanissime
583 2252 615 2298 se
633 2236 817 2299 excusarunt
836 2236 1007 2315 asserendo,
1031 2237 1132 2301 sciunt
1148 2236 1272 2320 quidem
1284 2235 1429 2301 comitem
1446 2233 1586 2299 Zrinium

223 2343 355 2408 suosque
370 2324 538 2388 attinentes
561 2321 809 2404 apotentissimo
827 2322 995 2387 Turcarum
1016 2324 1202 2406 imperatore
1222 2325 1356 2390 maxima
1371 2321 1588 2387 aestimatione

223 2413 254 2477 in
279 2411 414 2496 gratiam
436 2413 468 2475 et
490 2409 711 2494 protectionem
732 2407 828 2474 fuisse
851 2411 1056 2493 acceptatum,
1080 2413 1226 2476 attamen
1242 2413 1337 2478 donec
1359 2409 1592 2494 Ocpigy-ssassa

229 2519 300 2566 cum
324 2499 480 2581 deputatis
504 2498 675 2563 honorariis
698 2499 730 2562 et
752 2497 925 2581 privilegio,
948 2498 1103 2562 assitterif
1115 2518 1206 2582 quem
1223 2498 1361 2576 audiunt,
1378 2497 1464 2562 brevi
1480 2497 1589 2562 ventu·

230 2607 310 2665 rum,
335 2605 395 2651 non
419 2587 636 2669 comparuerit,
660 2584 709 2650 vel
732 2584 856 2651 interim
884 2603 903 2650 a
933 2585 1044 2651 venirio
1074 2586 1210 2651 Budensi
1241 2586 1335 2651 fuerit
1358 2583 1589 2661 demandatum,

229 2677 257 2740 in
283 2676 418 2758 ipsorum
443 2692 532 2756 posse
552 2674 727 2738 nullatenus
743 2675 826 2738 stare
847 2672 1035 2755 postulatam
1055 2672 1231 2756 praestandi
1252 2673 1476 2750 assistentiam,
1493 2669 1590 2734 nihil·

229 2764 350 2829 ominus
385 2761 412 2826 si
434 2763 555 2826 tantem
585 2761 729 2826 hahuerit
756 2763 941 2844 urgentiam,
975 2761 1152 2826 intromitat
1182 2762 1221 2826 ad
1252 2763 1335 2845 ipsos
1371 2759 1471 2825 filium
1493 2775 1587 2822 snum

224 2871 280 2934 pro
303 2849 409 2916 obside
432 2851 465 2914 et
487 2849 662 2926 securitate,
687 2865 747 2913 non
769 2848 928 2931 negligent
950 2850 1033 2913 omni
1057 2849 1215 2914 celeritate
1234 2848 1267 2914 in
1291 2848 1462 2914 subsidium
1480 2863 1590 2911 accur·

224 2957 304 3018 rere,
336 2957 406 3002 cnm
440 2939 505 3002 sine
534 2937 594 3001 hoc
622 2952 682 3001 una
708 2953 744 3000 ox
774 2936 998 3002 conditionibus
1028 2954 1046 3001 a
1082 2935 1310 3020 Bulovvatclpo
1347 2932 1510 3017 placidatie
1542 2933 1589 2997 ita

223 3026 356 3094 extaret.
380 3027 416 3089 lu
435 3025 493 3089 hoc
517 3025 663 3108 tempore,
686 3022 813 3088 consilio
846 3025 953 3090 bassae
977 3022 1177 3102 OanisiensiS,
1201 3024 1262 3090 fuit
1282 3023 1404 3088 Budam
1426 3019 1589 3103 expeditus

223 3113 348 3197 quidem
372 3110 579 3177 franciscanus
603 3112 699 3175 frater
719 3109 846 3176 Gabriel
868 3111 1014 3177 Thomasi
1041 3113 1195 3177 vocitatus
1218 3113 1255 3177 ob
1278 3110 1408 3176 eundem
1431 3107 1587 3186 effectum,

224 3220 318 3284 quem
341 3199 565 3264 incontinenter
596 3197 731 3282 quidem,
761 3199 992 3281 quamprimum
1020 3199 1225 3264 conditionem
1247 3196 1391 3263 mittendi
1413 3195 1471 3262 filii
1492 3195 1588 3260 intel-

222 3288 309 3364 lexit,
330 3304 422 3370 quam
440 3285 515 3352 alias
531 3285 688 3368 praefatus
702 3286 900 3370 Rulvovatzlrp
916 3285 1116 3364 subticuarat,
1137 3306 1174 3351 ex
1189 3285 1298 3351 itinere
1312 3302 1454 3350 revocare
1470 3283 1586 3357 voluit;

223 3377 339 3441 Turcae
364 3376 470 3438 autem
494 3393 552 3438 non
575 3373 799 3451 concesserunt,
826 3375 863 3438 do
888 3392 946 3457 quo
969 3373 1000 3438 in
1029 3373 1209 3440 hodiernum
1237 3373 1320 3438 diem
1349 3371 1435 3436 nulla
1457 3369 1587 3436 ulterior

226 3462 357 3528 habetur
393 3461 513 3525 notitia.
548 3460 683 3526 Tandem
710 3459 810 3543 primo
840 3461 980 3527 dominus
1009 3460 1107 3526 banus
1139 3481 1171 3527 se
1200 3461 1232 3525 in
1264 3459 1407 3526 maximis
1430 3456 1585 3542 angustiis

225 3551 406 3616 intricatum
436 3547 571 3632 reperiit,
604 3549 635 3613 et
664 3565 683 3611 a
714 3547 839 3631 perfidis
868 3547 1077 3614 Bulvovvatclcii
1120 3548 1311 3633 aliorumque
1341 3547 1584 3612 fomentatorum

223 3637 360 3705 consiliis
385 3637 475 3721 plane
498 3635 660 3702 seductum
684 3635 820 3720 agnovit,
844 3637 923 3700 unde
946 3635 1094 3701 versando
1117 3636 1198 3702 inter
1221 3654 1308 3720 spem
1337 3637 1370 3701 et
1392 3637 1511 3699 motum
1534 3653 1585 3698 me

222 3726 378 3793 consulere
395 3724 519 3809 incepit,
542 3724 677 3807 mihique
692 3742 798 3789 omnes
814 3742 884 3788 suas
899 3724 1035 3789 internas
1057 3724 1299 3789 machinationes
1314 3723 1346 3787 in
1361 3724 1443 3786 hunc
1459 3721 1585 3786 modum

222 3814 355 3880 detexit:
382 3813 447 3893 „Mi
468 3812 630 3877 amantiss.
644 3812 766 3877 domine
778 3812 882 3888 frater,
907 3812 937 3876 in
951 3811 1121 3894 desperatis
1138 3811 1226 3894 plano
1242 3829 1346 3876 versor
1364 3809 1516 3888 terminis,
1529 3827 1585 3874 nec

223 3903 310 3967 video
326 3901 449 3966 modum
466 3900 607 3965 eliberari
624 3918 729 3983 posse;
747 3917 818 3964 nam
840 3898 900 3984 (1.)
917 3900 1143 3983 quamprimum
1160 3899 1199 3963 ab
1211 3897 1266 3963 illo
1281 3896 1446 3963 maledicto
1459 3896 1584 3962 homine

223 3988 433 4071 Bulrorvatalry
455 3987 566 4052 certior
589 3987 634 4051 fni
657 3987 757 4053 iactus
782 3988 818 4052 de
834 4005 890 4051 sua
908 3986 1039 4051 feliciter
1062 3989 1189 4069 peracta
1203 3985 1413 4070 negotiatione
1430 3984 1462 4050 et
1478 4003 1581 4067 prom-

222 4075 375 4158 ptitudine
399 4073 583 4139 validissimi
600 4075 768 4141 Turcarum
783 4093 937 4152 sucursus,
951 4073 1015 4140 ulla
1031 4075 1095 4140 sine
1115 4073 1359 4140 consideratione
1374 4072 1583 4156 superioribus

222 4163 401 4246 Hungariee
425 4161 564 4243 partibus
594 4162 745 4240 intimavi,
775 4181 812 4226 ne
839 4162 903 4227 ullo
931 4162 1020 4228 modo
1048 4161 1200 4227 caesareis
1224 4159 1394 4226 comisantis
1417 4159 1511 4226 fidem
1534 4158 1584 4225 vel

222 4269 310 4315 aures
333 4248 507 4332 praebeant,
533 4267 638 4313 verum
662 4250 827 4333 postulatis
847 4249 910 4314 suis
933 4249 1087 4315 obstinate
1106 4251 1139 4314 et
1160 4247 1368 4316 inflexibiliter
1390 4247 1581 4324 inhaereant,

222 4337 311 4402 adest
323 4336 404 4401 enim
418 4335 630 4424 commoditas,
647 4339 674 4400 si
690 4355 747 4403 non
761 4337 858 4415 bonis,
877 4339 906 4401 vi
922 4355 1077 4402 armorum
1093 4339 1125 4400 et
1142 4337 1295 4402 mediante
1312 4335 1460 4418 potentia,
1477 4350 1584 4400 omnes

222 4423 423 4507 extorquendi
437 4422 673 4500 satisfactiones,
697 4423 827 4489 confinia
843 4424 930 4507 regni
945 4422 1105 4494 dilatandi.
1122 4423 1251 4507 denique
1265 4423 1446 4490 libertatem
1463 4423 1582 4506 patriae

223 4513 254 4577 et
266 4511 424 4594 roligionis
435 4509 643 4594 promovendi.
660 4510 827 4596 insurgant
839 4513 961 4577 tantum
977 4511 1122 4576 audacter
1134 4514 1166 4575 et
1178 4530 1210 4576 ee
1222 4512 1304 4577 viros
1317 4530 1384 4576 csse
1398 4511 1583 4584 ostendent;

223 4618 281 4665 non
305 4601 353 4665 eet
373 4600 497 4682 tempus
520 4600 746 4682 protractionir.
770 4599 837 4682 ligo
860 4597 1029 4664 animiam
1052 4599 1099 4663 sto
1131 4601 1266 4683 paratus,
1291 4600 1323 4664 et
1349 4596 1497 4682 proximis
1515 4595 1581 4661 die·

223 4689 282 4754 bue
294 4687 325 4752 in
340 4687 513 4772 provincias
531 4687 752 4753 haereditarias
764 4705 962 4770 prorumpere
973 4686 1115 4762 intendo;
1133 4687 1203 4752 inde
1218 4704 1333 4765 vereor,
1358 4703 1478 4752 nemea
1492 4683 1585 4750 insti-

223 4775 345 4862 gatione
363 4775 509 4840 commoti
526 4777 598 4840 ante
610 4777 732 4859 tempus
747 4773 865 4857 aliquid
881 4774 1064 4840 hostilitatis
1081 4775 1188 4840 contra
1196 4773 1367 4842 Germanos
1383 4770 1581 4840 tentaverint
