3518 5266
199 456 259 521 138

199 634 412 699 assecuratam
435 633 572 700 reddere.
596 632 788 717 Quapropter
811 633 978 699 fidelitates
1003 633 1122 698 rostras
1144 632 1253 697 harum
1277 631 1356 696 serie
1379 630 1557 709 clementer,

196 723 386 804 paterneque
418 721 581 787 hortamur
613 723 644 786 et
679 739 849 798 monemus,
884 726 1037 804 quatenus
1071 720 1215 803 deinceps
1245 729 1374 803 quoque,
1406 735 1559 782 memores

197 810 299 875 aritae
321 809 392 874 fidei
425 828 460 873 ac
492 809 692 893 integritatis,
728 828 850 873 omnem
884 810 1004 874 metum
1036 809 1237 891 postponatis
1269 807 1401 888 fortique
1432 807 1464 870 et
1486 823 1559 870 con·

197 897 295 962 stanti
322 897 391 961 aitis
415 898 528 975 animo,
552 916 608 962 nec
639 915 700 960 non
729 897 896 980 quidquam
926 897 963 960 do
996 897 1122 979 paterna
1157 896 1262 959 nostra
1286 912 1358 959 eura
1388 895 1421 958 et
1444 892 1559 957 sollici·

199 984 305 1049 tudine
337 985 502 1060 dubitetis;
540 986 635 1050 immo
667 986 808 1066 coeptum
844 987 979 1050 restrum
1015 984 1054 1048 ad
1090 1002 1144 1047 nos
1178 1000 1337 1047 recursum
1372 978 1559 1045 confidenter

198 1071 422 1149 continuantes,
458 1073 561 1136 omnia
595 1089 739 1154 prospera
769 1073 807 1136 de
840 1072 994 1137 communi
1028 1070 1204 1135 defensione
1233 1071 1265 1134 et
1294 1067 1425 1133 feliciori
1448 1067 1557 1132 horum

198 1178 361 1244 regnorum
387 1162 562 1225 nostrorum
588 1161 670 1224 statu
693 1160 825 1224 firmiter
848 1160 987 1242 speretis,
1022 1163 1105 1224 certo
1129 1158 1215 1224 rubis
1250 1155 1477 1239 persuadentes,
1503 1173 1557 1220 nos

196 1249 274 1312 nihil
297 1266 412 1325 eorum,
438 1267 515 1331 quae
537 1249 576 1312 ad
598 1248 776 1312 ulteriorem
809 1266 928 1330 quoque
962 1248 1146 1312 clamentem
1171 1243 1435 1328 gubernationem,
1460 1243 1557 1307 soler·

195 1337 260 1402 tam
283 1335 489 1418 provisionem
510 1337 542 1399 et
564 1335 747 1418 diligentem
763 1335 889 1417 patriae,
914 1337 1112 1418 uestrumque
1138 1334 1276 1399 omnium
1293 1331 1557 1396 conservationem

200 1426 350 1507 spectant,
387 1422 640 1498 intermissurum
676 1423 934 1507 quemadmodum
970 1424 1031 1487 ianr
1063 1423 1158 1486 etiam
1194 1419 1382 1485 necessarias
1412 1427 1488 1484 'euni
1523 1418 1557 1482 in

198 1511 292 1576 finem
315 1511 455 1586 fecimus,
487 1511 659 1594 factorique
694 1530 800 1576 sumna
830 1510 1056 1592 dispositiones.
1082 1509 1211 1574 Interim
1235 1509 1340 1572 autem
1364 1506 1442 1571 nulli
1465 1505 1556 1570 dubi-

110 1641 113 1648 .
196 1599 310 1674 tamus,
346 1598 419 1680 quin
451 1601 553 1664 motus
576 1599 608 1663 bi
630 1599 801 1665 turbulenti
834 1598 1051 1681 placidioribus
1085 1597 1184 1662 modis
1215 1598 1247 1660 et
1271 1594 1380 1658 mediis
1404 1593 1555 1674 componi,

195 1685 409 1768 consopirique
434 1685 553 1768 possint
576 1702 611 1750 ae
634 1686 769 1750 ualeant.
805 1687 852 1750 De
882 1688 1002 1751 caetero
1031 1684 1237 1749 fidelitatibus
1268 1681 1379 1747 uestris
1402 1681 1504 1764 gretia
1525 1681 1557 1745 et

199 1773 392 1858 benignitate
414 1775 521 1838 nostra
539 1772 625 1856 regn'a
648 1792 684 1838 ao
707 1792 847 1840 caesarea
870 1773 983 1857 iugiter
1005 1773 1148 1856 propensi
1172 1789 1343 1836 manemus.
1380 1771 1498 1835 Datum
1521 1769 1555 1833 in

193 1860 321 1927 civitate
345 1862 449 1926 nostra
472 1860 593 1925 Vienna
617 1861 666 1925 die
690 1861 710 1924 2
733 1861 848 1926 mensis
871 1860 979 1944 aprilis
1002 1879 1029 1926 a.
1054 1861 1084 1924 d.
1115 1858 1207 1924 1670.

298 1948 440 2012 Proobtau
469 1951 554 2025 odpia
575 1969 596 2012 a
618 1953 727 2012 sobora
750 1951 806 2012 dac
830 1955 872 2011 17
893 1953 1015 2026 trovaqa
1038 1954 1132 2012 1670.
1156 1950 1263 2026 Media
1283 1947 1459 2010 saborstimi
1481 1945 1558 2023 episi

193 2057 215 2100 a
236 2056 305 2101 cem.
329 2041 436 2100 calciun
458 2041 636 2102 ewaoeom.

830 2220 921 2298 212.

197 2342 291 2411 1670,
314 2342 335 2400 3
354 2342 483 2416 troanie,
502 2337 573 2402 Res.
597 2341 746 2416 Leopotdo
765 2342 833 2416 dqp‘e
855 2341 986 2402 abditam
1006 2341 1019 2400 t
1040 2339 1175 2400 radonem
1197 2338 1361 2399 bruciatim
1383 2355 1425 2398 aaa
1447 2337 1557 2411 abortat

238 2429 422 2504 imcnoaurajc
438 2429 580 2490 Martios
595 2429 790 2490 Borbcuidot
809 2449 854 2504 qr.
878 2430 983 2490 Niloole
1005 2428 1144 2488 Erdbdte
1165 2443 1203 2488 aa
1223 2427 1405 2500 paemene
1427 2427 1509 2486 bom.

298 2549 470 2630 Leupoldus
505 2552 563 2614 etc.
600 2550 780 2627 Reverendi,
815 2549 1009 2615 honorabiles
1040 2549 1098 2613 eto.
1144 2545 1394 2629 Quandoquidem
1418 2545 1556 2612 officium

198 2636 330 2700 banatos
353 2637 456 2715 certia,
479 2638 576 2719 iisque
600 2637 706 2702 arduis
730 2639 762 2702 et
785 2637 1025 2720 praegnantibus
1050 2635 1208 2700 decausis
1232 2654 1268 2700 ac
1284 2633 1464 2711 rationibus,
1488 2633 1556 2698 ani·

198 2741 286 2787 muni
310 2725 450 2788 nostrum
475 2725 732 2807 permoventibus,
767 2724 908 2790 fidelibus
939 2723 1053 2788 uostris
1076 2723 1164 2788 nobis
1189 2723 1296 2788 itidem
1324 2720 1447 2787 dilectis
1469 2739 1557 2788 rere-

193 2812 287 2876 reudo
310 2811 446 2876 Martino
466 2812 649 2892 Rorhorich,
673 2814 815 2895 episcopo
839 2813 986 2878 ecclesiae
1009 2811 1223 2894 Zagrabiensis
1246 2813 1278 2874 et
1301 2809 1475 2875 consiliario
1499 2827 1555 2873 no-

192 2901 265 2972 stro,
289 2919 345 2964 neo
370 2918 428 2964 non
453 2899 617 2983 spectabili
640 2919 675 2966 ac
698 2901 862 2984 magnifico
885 2899 991 2965 comiti
1009 2898 1137 2963 Nicolau
1159 2897 1283 2982 Erdbdy
1301 2899 1338 2962 de
1353 2896 1555 2981 Monyoruho-

193 2987 256 3064 roh,
281 2987 396 3052 montis
422 2986 545 3052 Claudii
569 2991 601 3053 et
623 2990 791 3054 comitatus
818 2987 1056 3053 Varasdinensis
1087 2989 1234 3068 perpetuu
1262 2985 1378 3063 comiti,
1410 2985 1554 3067 praesidii

194 3073 293 3139 nostri
318 3074 522 3140 Petriuiensis
546 3094 689 3158 supremo
713 3076 872 3158 capitaneo
894 3079 926 3140 et
949 3075 1117 3140 camerario
1146 3075 1261 3151 nostro,
1285 3074 1445 3154 perspecta
1466 3072 1555 3137 beni-

152 3207 157 3219 .
192 3179 251 3242 gne
276 3178 312 3224 ao
338 3162 444 3226 multis
468 3164 528 3227 iam
552 3163 671 3244 pridem
702 3164 893 3246 argumentis
925 3161 1050 3246 cognita
1080 3160 1245 3226 eorundem
1270 3160 1426 3242 praeclara
1444 3161 1475 3225 in
1498 3177 1554 3226 nos

191 3245 261 3324 fide,
286 3266 450 3330 rerumque
472 3249 675 3331 gerendarum
692 3251 805 3333 peritia
828 3253 860 3315 et
882 3249 1075 3327 dexteritate,
1101 3266 1155 3331 pro
1180 3247 1306 3312 interim
1333 3247 1365 3313 et
1380 3246 1471 3312 modo
1486 3267 1555 3330 pro·

192 3335 304 3398 risorio
321 3336 552 3411 contulerimus,
578 3338 621 3402 ita
645 3339 748 3401 tamen
773 3340 806 3401 et
828 3357 863 3402 ea
886 3337 1057 3402 conditione
1081 3341 1115 3400 ut
1135 3336 1335 3418 ipsequidem
1350 3335 1552 3418 episcopusin

192 3421 337 3498 iuridicis,
362 3423 463 3488 dictus
486 3443 556 3490 vero
575 3443 676 3490 comes
697 3425 729 3488 in
753 3426 951 3502 militaribus,
975 3425 1058 3489 idem
1081 3423 1227 3501 obiciam,
1251 3423 1458 3506 praemissum
1474 3424 1555 3488 intra

191 3513 324 3592 tempus,
357 3511 588 3594 plenariorum
613 3513 800 3578 authoritate
835 3513 1062 3588 administrare,
1087 3528 1182 3594 eoque
1210 3511 1297 3594 iungi
1313 3511 1432 3594 possint
1449 3529 1484 3576 ac
1501 3528 1554 3574 ra·

190 3596 286 3663 leant.
310 3598 383 3664 Ideo
408 3599 610 3665 fidelitatibus
632 3599 742 3666 restria
769 3601 824 3665 hoc
840 3601 945 3682 ipsum
968 3599 1149 3664 intimantes
1174 3599 1303 3682 benigne
1327 3597 1553 3664 committimus

190 3685 222 3750 et
245 3687 439 3765 mandamus,
462 3690 613 3770 quatenus
644 3688 776 3772 acceptia
798 3686 1022 3771 praesentibus,
1047 3686 1263 3769 intellectaque
1291 3686 1384 3752 hacce
1407 3685 1553 3751 clementi

190 3775 222 3835 at
250 3775 426 3840 omnimoda
460 3775 619 3841 uoluntate
654 3793 688 3841 ac
721 3775 911 3840 ordinatione
936 3777 1052 3853 nostra,
1084 3774 1246 3856 quibusvis
1268 3772 1498 3839 occurrentibus
1521 3772 1553 3838 in

191 3861 323 3943 negotiis
347 3865 484 3927 rostrum
518 3863 556 3927 ad
589 3864 710 3928 eosdem
743 3863 831 3928 modo
862 3863 985 3948 praevio
1018 3881 1175 3927 recursum
1199 3862 1321 3942 habere,
1345 3860 1485 3927 debitum
1509 3860 1553 3926 eis

190 3946 335 4012 honorem
359 3948 476 4014 deferre
506 3967 543 4014 ac
574 3950 726 4015 iudicatus
748 3951 872 4016 illorum
904 3951 1035 4028 adstare,
1069 3951 1101 4014 in
1135 3950 1278 4014 omnibus
1301 3948 1433 4032 denique
1455 3947 1553 4013 licitis

190 4034 222 4097 et
244 4037 398 4100 consuetis
421 4036 521 4116 rebus,
553 4038 725 4103 antelatum
757 4038 891 4103 obicium
924 4039 1055 4103 banatus
1085 4038 1348 4116 concernentibus,
1370 4038 1496 4115 eisdem,
1521 4037 1553 4101 in

189 4119 329 4186 iuridicis
352 4122 485 4205 quidem,
520 4125 556 4187 ut
588 4127 781 4208 praetactum
816 4129 873 4203 est,
910 4127 968 4209 ipsi
993 4125 1143 4209 episcopo,
1179 4126 1210 4188 in
1236 4123 1422 4190 militaribus
1446 4126 1553 4190 autern

189 4210 334 4273 annotato
358 4209 474 4287 comiti,
499 4212 621 4294 tempus
653 4212 797 4278 videlicet
819 4214 1105 4296 intrapraetactum,
1140 4230 1247 4295 parere
1270 4231 1304 4278 ao
1328 4213 1552 4296 obtemperare,

189 4296 287 4379 quieti
311 4297 442 4376 studere,
474 4299 664 4365 concordiam
700 4301 809 4379 colere,
845 4319 881 4364 ac
913 4302 944 4366 in
976 4303 1120 4367 iuramen
1143 4304 1176 4367 et
1197 4301 1355 4383 publicum
1379 4300 1552 4366 cummunis

188 4384 306 4466 patriae
329 4387 451 4450 vestrae
473 4386 597 4466 bonum,
633 4389 827 4472 exigentibus
861 4389 904 4454 ita
938 4389 1183 4467 necessitatibus,
1208 4388 1352 4453 alacriter
1374 4406 1552 4454 concurrere

190 4472 293 4537 velitis
323 4491 359 4537 ac
390 4472 543 4548 debeatis3
576 4493 673 4558 neque
704 4495 792 4541 secus
818 4475 963 4542 feceritis.
989 4475 1097 4541 Gratia
1120 4480 1225 4541 nostra
1246 4493 1389 4542 caesarea
1411 4491 1443 4541 et
1466 4476 1552 4560 regia

189 4559 275 4624 rubia
298 4559 329 4625 in
352 4561 469 4644 reliquo
492 4561 606 4646 iugiter
617 4565 758 4646 propensi
773 4566 942 4629 manentes.
967 4565 1081 4628 Datum
1105 4563 1281 4629 incivitate
1306 4567 1409 4628 nostra
1432 4563 1552 4629 Vienna

188 4647 238 4712 dia
262 4650 354 4712 tertia
377 4651 492 4718 mensis
515 4651 621 4733 aprilis
654 4671 680 4716 a.
708 4653 737 4715 d.
762 4651 947 4717 MDCLXX.
972 4651 1142 4734 leopoldus
1166 4672 1207 4716 m.
1232 4671 1272 4734 p.,
1296 4652 1430 4716 Thomas
1451 4651 1552 4737 Palffy

188 4737 223 4801 Ε.
247 4736 353 4820 Eppus
376 4735 498 4802 Nitrien
521 4759 563 4804 nn.
588 4759 616 4822 p.
639 4739 812 4822 Stephanus
835 4739 948 4805 Orban.

239 4825 269 4887 U
286 4828 394 4886 orbivu
416 4844 487 4888 acm.
513 4827 592 4888 Acta
609 4847 676 4904 peu.
699 4831 783 4905 repat
810 4827 948 4906 Conqrep.
974 4833 1067 4900 1670,
1090 4847 1138 4890 rer.
1163 4833 1191 4888 1.
1214 4829 1262 4891 Sr.
1286 4831 1329 4890 br.
1356 4833 1426 4889 171.
1449 4849 1473 4890 c.
