3518 5266
1517 339 1580 404 103

216 517 455 601 niinpratnjom
476 516 647 585 lvanovio‘a.
672 515 748 584 Moli
761 518 899 602 napolon
923 535 1073 598 nanovco,
1094 516 1143 602 jor
1163 519 1202 582 da
1221 535 1257 582 su
1280 534 1319 599 po
1332 513 1469 596 mnienju
1485 517 1578 600 grad·

215 605 490 755 slogbtadlrapatana
513 606 670 690 putriebiti
693 606 837 690 popravci
860 624 900 670 na
923 604 1070 688 agradah.

853 833 939 917 153.

697 965 791 1032 1670,
823 963 866 1021 24
889 961 1005 1035 oiuiko.
1028 960 1098 1020 Boo.

318 1081 460 1148 Dvorslo
483 1081 591 1166 vojeno
613 1080 696 1148 viec‘e
727 1083 895 1164 preporuta
918 1099 993 1145 caru
1023 1080 1137 1145 Nikolu
1168 1079 1329 1162 Erdbdija,
1360 1078 1576 1161 nadlrapetana

211 1168 436 1253 petrinjsloga,
461 1188 497 1234 aa
528 1169 723 1253 salrupIJanje
752 1166 880 1234 domate
912 1167 1017 1251 rojslre
1041 1166 1168 1253 (militis
1199 1165 1312 1252 nativi)
1339 1186 1360 1232 u
1383 1166 1576 1248 Hrvatskoj;

213 1256 308 1320 imalo
331 1256 364 1320 bi
388 1277 442 1321 mu
465 1276 498 1322 ae
528 1257 643 1322 urutiti
668 1255 793 1320 4-5000
815 1255 872 1320 sor.
896 1253 1061 1339 ratunajut
1084 1256 1105 1319 3
1128 1254 1182 1320 for.
1217 1272 1252 1319 za
1280 1254 1407 1338 pjeiala
1432 1271 1450 1318 a
1472 1253 1494 1316 4
1516 1253 1574 1318 lor.

213 1361 248 1408 aa
268 1344 446 1427 kunjanilra,
470 1345 480 1408 i
503 1343 620 1427 pridati
643 1343 821 1428 povjeronilr
844 1345 874 1408 te
899 1343 1054 1424 ,Muster-
1070 1343 1142 1407 oder
1165 1339 1442 1407 Feldsobreiber.*

837 1571 926 1655 154.

215 1701 308 1769 1670,
330 1700 374 1759 24
398 1699 515 1771 circilo.
541 1677 686 1760 &clocca
714 1696 786 1756 Bao
808 1697 901 1757 Pctar
923 1695 1047 1758 Zricabi
1069 1697 1137 1771 dop'c
1166 1699 1262 1760 tarsu
1285 1696 1338 1756 Fi.
1362 1695 1571 1770 Frontoponu

207 1787 393 1861 pcnomoo'p'e,
417 1787 457 1844 da
479 1783 655 1864 rospruoljo
675 1785 688 1844 i
709 1781 878 1863 eobiy'adaje
899 1802 921 1844 u
943 1786 1063 1859 niepooo
1093 1787 1151 1845 ime
1172 1801 1208 1844 eo
1229 1783 1329 1844 otoldi
1350 1785 1363 1842 i
1385 1785 1486 1844 radovi
1507 1786 1571 1844 isa

412 1873 587 1946 iiteijotoom
608 1872 775 1946 braiiecioa
797 1871 974 1945 Dulmcciie,
997 1872 1147 1932 Hroctalce
1168 1875 1181 1932 i
1202 1871 1362 1946 Sicoooip'c.
1459 1871 1463 1880 ’

317 1991 383 2057 Nos
407 2009 509 2057 comes
532 1992 645 2056 Petrus
669 1993 836 2075 perpetuus
859 2010 877 2056 a
900 1991 1011 2069 Zrinio,
1035 2010 1198 2076 regnorum
1215 1991 1402 2072 Dalmatiae,
1426 1990 1569 2057 Oroatiae

213 2081 245 2144 et
266 2079 446 2145 sclavoniae
469 2079 578 2156 banus,
601 2079 748 2163 praesidii
771 2078 976 2163 Legradensis
1008 2081 1040 2144 st
1071 2079 1190 2144 insulae
1218 2078 1367 2143 Murakoz
1388 2079 1566 2163 perpetuus,

212 2167 411 2233 confiniorum
442 2167 672 2250 colapianorum
704 2169 736 2231 et
766 2167 853 2248 regni
883 2167 1035 2249 generalis
1063 2166 1263 2251 papitaneus,
1298 2171 1406 2231 notum
1438 2166 1570 2231 facimus

212 2254 352 2320 omnibus
376 2255 586 2337 magnatibus,
609 2253 775 2332 nobilibus,
798 2253 975 2337 capitaneis,
1007 2254 1192 2319 officialibus
1224 2257 1256 2320 et
1286 2255 1438 2338 singulis,
1463 2253 1569 2319 ouius·

211 2361 328 2426 cunque
353 2343 456 2406 status
480 2343 512 2407 et
534 2340 731 2420 conditionis,
754 2341 932 2406 bominibus
955 2359 1119 2425 regnorum
1142 2341 1302 2420 Oroatiae,
1337 2341 1517 2408 sclavoniae
1539 2343 1572 2407 et

211 2429 385 2494 Dalmatiae
409 2428 528 2507 incolis,
553 2429 686 2512 qualiter
710 2447 763 2494 nos
786 2429 1082 2494 excellentissimum
1096 2431 1128 2494 ot
1139 2429 1388 2496 illustrissimum
1411 2431 1570 2495 dominum
1677 2473 1680 2480 ·

208 2518 235 2581 d.
260 2516 472 2581 Marchionem
497 2516 698 2581 Franciscum
720 2515 926 2600 Frangepani,
952 2515 1098 2582 comitem
1122 2517 1155 2580 in
1170 2517 1313 2596 Tersath,
1340 2517 1483 2601 Segniae,
1508 2517 1570 2582 Ve-

208 2603 289 2688 gliae
315 2606 346 2668 et
369 2605 550 2669 Modressae
581 2605 782 2687 perpetuum,
814 2604 1016 2670 confiniorum
1048 2603 1276 2670 maritimorum
1301 2605 1333 2670 at
1356 2603 1488 2688 segniae
1518 2623 1571 2668 su·

209 2711 351 2774 premam
376 2691 581 2774 capitaneum,
606 2693 637 2755 in
659 2691 751 2756 certis
785 2691 896 2775 inclyti
919 2693 1006 2775 regni
1030 2691 1172 2773 gloriosis
1195 2695 1226 2756 et
1251 2691 1337 2756 valde
1361 2692 1491 2757 utilibus
1515 2692 1568 2756 de·

207 2779 374 2862 legerimus
397 2778 533 2862 negotiis
556 2780 697 2843 nostrum
722 2779 1038 2862 plenipotentiarium,
1063 2779 1099 2842 ut
1122 2797 1193 2843 cum
1224 2779 1431 2860 praelatorum
1454 2795 1565 2861 regno·

207 2866 422 2932 rumdominis
441 2866 651 2948 magnatibus,
676 2865 833 2930 nobilibus
856 2883 892 2930 ac
915 2865 1084 2947 capitaneis
1108 2866 1140 2930 et
1160 2867 1367 2948 cuiuscunque
1382 2865 1567 2931 conditionis

205 2953 383 3018 hominibus
407 2956 492 3018 corta
512 2955 635 3035 negotia
659 2971 836 3035 proponere,
862 2955 997 3018 tractare
1018 2971 1054 3018 ac
1077 2952 1244 3018 terminare
1268 2953 1385 3019 valeat.
1407 2952 1458 3017 Ad
1475 2971 1568 3036 quarn

204 3041 398 3123 praedictam
421 3041 671 3123 propositionem,
696 3039 915 3106 tractationem
939 3042 971 3104 et
1001 3041 1250 3106 terminationem
1272 3040 1414 3106 dedimus
1445 3057 1568 3106 omnem

205 3129 346 3193 nostram
376 3129 583 3211 potestatem,
615 3127 709 3192 robur
739 3146 774 3192 ao
804 3127 1060 3211 plenipotentiam
1090 3128 1320 3211 praenominato
1345 3128 1376 3193 d.
1405 3127 1513 3194 comiti
1536 3129 1569 3194 et

207 3215 390 3292 marchioni,
413 3214 614 3280 concludendi
638 3215 768 3291 scilicet,
791 3219 823 3280 ot
845 3215 931 3281 iuxta
954 3216 1159 3295 voluntatem,
1183 3215 1414 3299 beneplacitum
1438 3234 1475 3281 ac
1499 3233 1570 3280 een·

206 3321 274 3366 sum
299 3301 440 3391 eiusdem
462 3301 502 3366 ad
527 3301 618 3366 finem
643 3301 811 3367 deducendi
834 3305 956 3382 cuncta,
979 3303 1028 3368 bis
1052 3305 1110 3369 sub
1133 3303 1362 3369 conditionibus
1382 3303 1415 3369 ot
1437 3303 1568 3368 modali·

205 3390 336 3468 tatibus,
362 3393 396 3454 nt
418 3389 617 3471 quodcunque
651 3390 712 3454 iam
745 3391 846 3455 dictus
877 3389 906 3454 d.
932 3390 1068 3455 marchio
1101 3393 1204 3457 nostro
1235 3391 1357 3466 nomine
1389 3393 1421 3457 et
1443 3391 1476 3454 in
1498 3408 1567 3473 per-

208 3494 283 3542 sona
306 3481 410 3542 nostra
433 3495 503 3541 cum
527 3495 706 3561 quocunque
728 3477 777 3542 dd.
800 3478 992 3561 magnatum,
1024 3479 1174 3543 nobilium
1203 3479 1235 3542 et
1258 3477 1442 3542 militarium
1465 3476 1566 3541 dorni-

207 3582 315 3629 norum
340 3582 376 3628 ac
400 3565 607 3646 cuiuscunque
630 3563 814 3630 conditionis
837 3565 996 3630 hominurn
1027 3582 1158 3648 persona
1188 3566 1386 3643 tractaverit,
1418 3563 1567 3629 termina-

203 3654 283 3717 verit
306 3653 339 3716 et
361 3651 556 3729 concluserit,
580 3670 674 3735 penes
697 3654 753 3717 hoc
783 3653 885 3717 totum
916 3651 1110 3730 indubitate,
1140 3653 1172 3716 et
1195 3651 1422 3734 quomodolibet
1445 3651 1567 3717 modifi-

203 3739 283 3804 catis
306 3738 524 3821 qualitatibus,
548 3737 690 3804 volurnus
712 3739 854 3804 absolute
887 3757 1065 3822 permanere
1088 3740 1120 3804 et
1146 3739 1331 3816 consistere;
1367 3740 1493 3822 insuper
1512 3758 1567 3805 au·

202 3826 394 3908 thoritatem,
417 3825 598 3892 facultatem
621 3844 656 3890 ac
673 3825 932 3910 plenipotenciam
959 3827 1169 3890 omnimodam
1191 3828 1224 3890 et
1246 3827 1420 3892 absolutam
1446 3826 1566 3893 damus.

204 3915 239 3979 In
261 3915 351 3979 ouius
374 3912 420 3978 rei
442 3913 537 3979 fidem
560 3913 592 3977 et
614 3914 707 3979 robnr
729 3917 851 3980 nostrae
881 3914 973 3980 huius
1004 3913 1229 3994 conclusionis,
1258 3915 1290 3978 in
1312 3933 1563 3999 quorumcunque

204 4020 314 4067 manns
333 4001 390 4067 hae
414 4002 538 4067 nostrae
562 4001 833 4085 plenipotentialos
856 4002 1005 4080 venerint,
1039 4001 1143 4084 sigillo
1174 4003 1280 4068 nostro
1304 4005 1336 4067 et
1359 4021 1469 4068 manus
1492 4021 1562 4088 pro-

203 4089 288 4170 priae
311 4089 538 4172 subscriptione
569 4090 790 4156 roboravimus.
826 4089 942 4156 Actum
966 4086 1172 4156 Cantatornae
1195 4090 1244 4154 die
1268 4091 1312 4154 24
1335 4091 1442 4156 martii
1469 4089 1562 4155 1670.

203 4175 312 4241 Comes
333 4177 444 4241 Petrus
469 4175 552 4240 Zrin.

204 4399 412 4410 -κ-ο--ι-

240 4456 334 4528 *Ovaj
352 4457 381 4526 je
400 4455 516 4526 predlog
534 4471 579 4512 oar
597 4457 740 4527 rietenjem
758 4457 793 4512 od
812 4459 847 4513 25
867 4457 962 4528 oiujlra
979 4457 1102 4518 odobrio.
1120 4461 1192 4518 Ibid.
