3518 5266
1583 389 1597 408 r,
1621 372 1663 415 ’ξῖ

1600 411 1622 438 ,Ιιι
1649 414 1659 437 »3

1476 439 1559 508 nm·

1512 511 1514 516 ’
1614 517 1616 520 ·
1637 506 1655 535 '1

179 614 261 680 sima
284 613 470 680 resolutione
494 616 638 680 maiestas
663 632 718 680 sua
741 615 870 680 eandem
894 615 1056 680 certiorem
1082 615 1147 681 fieri
1172 613 1288 694 voluit,
1320 616 1467 682 adiuncto
1491 635 1542 684 ex·
1566 613 1666 702 ,54-

180 703 466 785 pressomandato,
492 703 588 767 utab
612 700 783 786 illaquam
817 703 949 783 primum
982 703 1015 766 et
1044 702 1160 769 intuitu
1190 703 1281 768 buius
1316 706 1416 769 adbuc
1449 701 1540 772 bodie
1577 701 1673 790 sj‘jss

180 789 346 856 ulteriores
370 789 592 868 intimationes,
615 790 881 872 proclamationes,
904 790 1046 872 patentes
1069 797 1100 854 et
1124 789 1408 870 similiaconsuete,
1433 793 1539 876 etque
1600 794 1673 870 752ss]

183 896 260 960 opus
284 879 341 953 est,
366 880 499 960 desuper
515 877 714 960 expediantur
745 896 781 942 ac
811 877 1039 959 consignentur.
1075 875 1162 954 Quod
1194 877 1317 944 effectui
1350 881 1540 964 quantocyus
1600 885 1669 966 ,ῥῖζ

180 964 356 1048 mancipare
379 965 509 1030 noverit.
533 966 593 1030 Per
615 965 833 1047 imperatorem
851 964 988 1029 Viennae
1012 964 1064 1029 29.
1088 965 1193 1030 martii
1221 964 1315 1030 1670.
1526 1019 1529 1024 .
1609 975 1647 1012 ὸ
1672 972 1679 1031 {1

284 1054 446 1118 lavana.
478 1051 529 1118 Ad
552 1052 768 1118 cancellariam
801 1052 1046 1116 Huncariorum:
1076 1052 1238 1118 lntimatio
1268 1053 1422 1119 bennatus
1445 1052 1539 1120 officii
1579 1091 1595 1128 ¹.

182 1139 214 1204 in
237 1140 377 1205 iuridicis
400 1139 541 1223 episcopo
564 1139 781 1223 Zagrabiensi,
812 1140 843 1206 in
878 1138 1067 1205 militaribus
1099 1158 1169 1204 vero
1201 1139 1307 1206 comiti
1332 1141 1458 1206 Nicolao
1481 1141 1541 1208 Er·
1617 1133 1678 1228 ,53⁸-

178 1227 266 1293 deodi
289 1227 538 1313 provisionalitor
559 1227 703 1293 concessi.

749 1391 875 1431 .(i·

180 1495 329 1570 Lcopoldo
348 1497 369 1554 1
391 1497 459 1571 dqr'e
480 1497 544 1557 bro.
568 1497 641 1558 stuc.
675 1497 764 1556 datm
791 1495 922 1556 stolidam
944 1497 957 1554 e’
983 1497 1117 1556 redovom
1146 1513 1188 1558 ou
1216 1497 1324 1570 aucupe
1357 1497 1541 1572 imcooourq'c

179 1601 259 1660 repr.
283 1585 411 1658 occupa
436 1585 483 1646 nr.
507 1584 675 1644 cosmos
705 1586 780 1659 cyr.
805 1584 910 1644 neme
939 1583 1077 1644 nocuum
1106 1600 1143 1645 aa
1173 1585 1284 1644 camno
1310 1585 1541 1658 molestasset
1601 1563 1609 1632 .’

390 1672 576 1746 nasbcdm'lrc
597 1673 756 1746 siticuloqa
779 1676 837 1730 stc
857 1671 933 1731 dasii
950 1689 996 1746 pr.
1016 1671 1107 1731 Petra
1130 1670 1330 1747 Zrampoygr
1617 1667 1667 1728 μ’,

284 1791 457 1873 leopoldus
480 1791 530 1856 dei
555 1791 658 1876 gratia
677 1792 794 1856 electus
818 1789 1023 1856 Romanorum
1042 1791 1209 1873 imperator
1231 1810 1354 1876 semper
1377 1793 1537 1876 augustus,

180 1897 216 1945 ac
238 1877 435 1958 Germaniae,
459 1879 637 1963 Hungariae
661 1880 826 1944 Bobemiao
850 1879 908 1943 etc.
934 1897 1001 1943 rer:
1026 1877 1208 1958 Reverendi,
1232 1879 1438 1959 honorabiles,
1467 1899 1537 1964 spe·

183 1966 323 2049 ctabiles,
348 1967 527 2051 magnifici,
562 1967 677 2050 egregii
712 1969 743 2031 et
775 1965 912 2044 nobiles,
947 1965 1114 2047 prudentes
1146 1967 1221 2031 item
1251 1986 1286 2032 ac
1310 1966 1536 2050 circumspecti,

180 2052 296 2132 fideles,
322 2055 409 2119 nobis
434 2055 549 2119 dilecti.
575 2055 781 2138 Posteaquam
805 2072 906 2118 comes
929 2053 1041 2118 Petrus
1065 2071 1082 2117 a
1105 2053 1186 2133 Zrin,
1212 2074 1303 2138 quem
1330 2055 1459 2120 antebac
1482 2055 1538 2120 bo·

180 2161 248 2207 rum
268 2160 434 2226 regnorum
457 2143 629 2208 nostrorum
653 2143 767 2207 benum
793 2141 1072 2218 constitueramus,
1100 2142 1261 2208 emeritis
1292 2143 1445 2206 maiorum
1468 2159 1539 2208 suo·
1640 2129 1691 2232 333

180 2247 249 2294 rum
273 2229 417 2312 degener,
441 2229 673 2314 gratiarumque
696 2247 732 2295 ac
755 2229 972 2293 beneficiorum
984 2230 1178 2310 acceptorum
1202 2231 1375 2308 immemor,
1399 2229 1537 2296 nescitur
1573 2227 1576 2234 “
1627 2239 1692 2322 2223

182 2334 241 2400 quo
266 2336 343 2382 ausu
363 2317 528 2382 temerario
550 2318 672 2396 ductus,
696 2315 743 2382 dei
768 2317 801 2382 et
822 2317 980 2381 bominum
1005 2317 1116 2381 timore
1140 2317 1322 2401 postposito,
1346 2317 1459 2400 epreh's
1482 2335 1538 2400 pa·
1645 2319 1694 2388 lte'

182 2405 262 2468 triac
293 2403 431 2488 legibus,
463 2405 700 2487 posthabitaque
731 2403 881 2468 fidelitate
912 2421 948 2467 ac
979 2402 1139 2470 devotione
1171 2405 1328 2470 maiestati
1359 2406 1482 2470 nostrae
1505 2409 1537 2472 et
1623 2407 1624 2410 ’
1653 2449 1668 2470 4ι

182 2509 287 2557 sacrae
309 2492 396 2576 regni
419 2493 516 2557 nostri
540 2491 717 2575 Huogariae
740 2509 870 2556 coronae
903 2490 1025 2564 debita,
1061 2490 1147 2556 nulla
1171 2493 1265 2556 etiam
1289 2492 1431 2575 publicae
1452 2492 1536 2574 pacis
1626 2515 1632 2542 ·»

181 2583 213 2644 et
235 2579 484 2662 tranquillitatis,
509 2579 671 2662 officiique,
697 2579 768 2644 fidei
794 2597 830 2644 ac
853 2578 1012 2661 religionis
1037 2577 1154 2644 ratione
1183 2578 1307 2658 habita,
1331 2581 1363 2644 in
1386 2598 1458 2658 nos,
1481 2579 1537 2646 do·
1640 2575 1691 2622 ‘r'

181 2667 301 2732 minum
325 2685 361 2732 eo
383 2687 489 2751 regem
513 2686 603 2732 suum
627 2665 904 2732 clementissimum
929 2665 1047 2732 crimen
1067 2665 1170 2731 laesae
1187 2667 1371 2745 maiestatis,
1395 2667 1537 2749 pordusl-
1615 2663 1698 2758 μζ

180 2754 271 2820 lionis
296 2758 329 2819 et
350 2754 569 2832 infidellitatis,
593 2753 735 2838 pluribus
758 2754 857 2819 modis
880 2754 1074 2819 committere
1098 2755 1213 2819 veritus
1234 2772 1295 2818 non
1319 2754 1444 2818 fuisset:
1468 2753 1537 2819 ideo
1593 2765 1595 2768 ·

179 2842 311 2906 cundem
335 2843 477 2907 omnibus
500 2841 621 2921 officiis,
644 2842 820 2919 honoribus,
844 2839 1025 2924 privilegiis,
1049 2841 1319 2920 immunitatibus,
1342 2841 1463 2924 gratiis,
1481 2842 1535 2906 iu·
1665 2893 1682 2926 a

177 2929 262 2994 ribus
285 2931 318 2994 et
341 2930 556 3012 dignitatibus,
580 2931 762 3013 pracsertim
786 2947 858 2995 vero
880 2929 1011 2994 antelati
1035 2927 1167 2992 banatus
1189 2928 1305 3012 (prouti
1324 2928 1401 2993 haec
1433 2929 1537 2994 omnia
1599 2945 1602 2952 ·

179 3036 213 3082 sn
243 3016 317 3082 aliis
346 3017 446 3083 literis
479 3017 591 3083 nostris
624 3017 798 3098 patentibus
831 3016 956 3082 uberius
988 3014 1178 3081 intellecturi
1210 3015 1300 3099 estis)
1330 3015 1534 3095 eximendum,
1629 3023 1633 3034 '
1670 3033 1689 3092 ·,

178 3105 416 3187 privandumst
447 3105 594 3170 rebellem
628 3104 889 3187 pronunciandum
920 3105 1012 3186 atquc
1042 3103 1295 3186 proscribendum
1328 3123 1394 3168 esse
1430 3103 1536 3170 decre·

179 3190 300 3273 rimus;
325 3193 401 3256 nibil
425 3193 519 3275 prius,
545 3191 599 3256 aut
622 3193 722 3276 magis
744 3192 777 3256 in
797 3191 877 3257 votis
900 3192 1057 3270 habentes
1081 3209 1171 3274 quam
1196 3193 1232 3256 ut
1256 3209 1311 3274 pro
1335 3193 1462 3273 paterna
1482 3212 1536 3257 no·

179 3282 254 3358 stre,
277 3297 338 3362 qua
359 3281 389 3343 in
414 3279 689 3357 conservationem,
713 3279 979 3362 defensionemque
1001 3281 1314 3362 praememoratorum
1332 3280 1442 3344 horum
1466 3297 1535 3364 reg·
1640 3266 1700 3364 742³ss

179 3384 289 3432 norum
313 3369 487 3433 nostrorum
512 3386 639 3451 syncere
662 3366 801 3442 ferimur,
825 3385 897 3432 cura
927 3369 960 3432 et
989 3367 1197 3432 sollicitudine
1221 3367 1258 3430 de
1291 3367 1329 3432 iis
1351 3367 1462 3432 mediis
1485 3385 1534 3432 co-
1597 3385 1599 3390 ’

182 3454 364 3537 gitaremue,
389 3473 465 3538 quae
487 3454 688 3520 fidelitatibus
721 3455 831 3520 restris
861 3455 910 3521 vel
945 3455 984 3518 ab
1016 3455 1149 3519 externis
1181 3455 1303 3520 iniuriis
1335 3455 1535 3520 securitatem

181 3543 386 3626 praestarent,
412 3543 459 3608 rel
484 3542 521 3607 ad
546 3541 716 3608 domestica
736 3542 795 3607 rite
825 3541 1068 3608 administranda
1098 3542 1248 3624 optimam
1281 3545 1312 3604 et
1342 3543 1536 3607 commodam
1639 3569 1640 3576 κ

176 3630 314 3695 conferre
339 3633 463 3712 possent
485 3630 647 3696 rationem.

285 3717 332 3782 Ea
357 3718 460 3800 itaque
480 3719 518 3782 de
539 3735 631 3784 causa
653 3715 822 3800 proficuum
847 3736 882 3782 ac
907 3737 922 3781 c
943 3737 985 3796 re,
1010 3716 1276 3799 emolumentoque
1308 3717 1445 3781 vestmm
1469 3734 1536 3781 om·

177 3806 265 3870 nium
289 3805 431 3870 futurum
455 3825 521 3872 esse
537 3807 721 3882 censuimus,
749 3805 774 3869 si
796 3805 833 3869 ed
853 3806 1076 3888 praecavendas
1089 3803 1213 3885 quasvis
1230 3804 1432 3882 confusiones,
1449 3821 1538 3888 prse-
1633 3861 1634 3864 ,

175 3893 390 3976 specificatum
414 3895 546 3958 banatus
569 3892 705 3958 odicium
730 3891 782 3956 diu
806 3911 915 3958 vacare
938 3911 996 3957 non
1016 3891 1246 3975 permittamus,
1270 3892 1324 3957 sed
1354 3892 1447 3956 certis
1469 3875 1537 3975 qni-
1667 3881 1710 3934 ‘3‘

174 3980 321 4064 buspiam
345 3979 383 4045 ad
406 3982 438 4046 id
461 3981 577 4045 idoneis
600 3982 633 4045 et
654 3979 859 4062 qualificatis,
891 3979 1052 4062 avitaeque
1082 3978 1245 4044 fidelitatis
1276 3998 1312 4045 ac
1343 3979 1533 4063 integritatis

174 4067 317 4152 personis
340 4066 418 4132 illud
440 4067 632 4153 prointerim,
657 4068 689 4132 et
712 4068 799 4132 modo
822 4067 1243 4150 provisorioconcredamus.

282 4155 430 4232 Proinde
451 4159 613 4238 perspecta
637 4155 778 4238 benigne,
803 4173 838 4220 ac
860 4155 969 4220 multis
989 4155 1184 4236 iampridem
1201 4156 1393 4238 argumentis
1409 4156 1534 4238 cognita

176 4242 316 4307 fidelium
341 4247 515 4308 nostrorum
538 4244 625 4309 nobis
649 4242 840 4320 dilectorum,
865 4243 1023 4308 reverendi
1045 4243 1173 4307 Martini
1190 4242 1373 4318 Borlovich,
1397 4243 1535 4326 episcopi

175 4331 394 4414 Zagrabieneis
418 4332 450 4395 et
472 4330 639 4396 consiliarii
664 4329 770 4409 nostri,
795 4349 851 4394 nec
874 4349 934 4396 non
957 4329 1136 4414 spectabilis
1160 4349 1195 4394 ac
1219 4331 1377 4413 magnifici
1408 4331 1533 4395 comitis

175 4417 300 4484 Nicolai
319 4417 445 4503 Erdody
467 4416 769 4502 deidonycrolrertlr,
794 4419 910 4483 montis
926 4418 1041 4483 clandii
1064 4419 1096 4482 ct
1119 4418 1287 4484 comitatus
1300 4417 1536 4483 Varasdinensis
1644 4439 1657 4478 1
1670 4417 1684 4436 ·’

178 4505 320 4589 perpetui
343 4505 475 4586 comitis,
500 4505 672 4582 camerarii,
696 4504 903 4590 praesidiique
932 4505 1029 4571 nostri
1052 4505 1254 4570 Petriniensis
1285 4505 1421 4588 supremi
1454 4502 1537 4589 capi·

176 4593 269 4670 tanei,
295 4593 454 4674 praeclara
477 4594 507 4659 in
532 4611 586 4659 nos
607 4593 678 4672 fids,
702 4593 863 4670 industria,
882 4612 1046 4676 rerumque
1061 4593 1266 4678 gerendarum
1281 4591 1391 4677 peritia
1414 4610 1449 4658 ac
1465 4592 1540 4658 dex-

251 4769 258 4798 ¹
276 4766 358 4822 Orim
375 4765 402 4836 je
420 4765 460 4822 ἡ.
480 4765 514 4821 od
535 4767 605 4848 isqm
619 4765 793 4848 promienjen
809 4765 861 4848 dru
884 4767 901 4832 ¹,
921 4765 1041 4821 nataaeti
1069 4782 1096 4820 so
1114 4763 1240 4834 talcdjer
1259 4783 1276 4820 u
1295 4766 1378 4819 istom
1403 4765 1508 4829 arkivu,
1526 4765 1537 4819 i

177 4839 287 4894 nucrtan
308 4837 401 4906 istoga
421 4835 500 4903 dana,
516 4781 603 4906 iojrm
615 4851 643 4905 Je
662 4851 719 4892 eam
729 4852 770 4906 gr.
781 4835 844 4890 Nrk.
855 4782 910 4890 ffrd

911 4835 954 4891 odi
973 4837 1115 4892 imonovan
1133 4837 1181 4891 bio
1200 4851 1231 4890 aa
1243 4836 1449 4904 prioremenega
1462 4834 1542 4890 baua·
1628 4867 1629 4870 =
1669 4819 1714 4902 -ἓμ
