3544 5288
1493 421 1558 488 403

204 598 235 662 et
257 597 429 663 obedientia
452 597 578 664 exitium
600 599 748 666 causarit.
772 599 831 664 Hic
856 601 957 682 potest
979 599 1057 664 dici:
1082 599 1163 680 ,Dat
1185 597 1305 664 veniam
1329 599 1436 677 corvis,
1468 600 1559 665 uexat

164 750 168 756 .
205 704 331 752 censura
355 685 543 752 columbas“.
720 699 725 712 ·
898 737 900 742 .
949 753 957 766 ,

309 773 381 839 Illos
401 777 489 839 atrus
512 775 604 850 color,
628 792 718 846 cruor
748 774 849 839 adhuc
880 775 1010 854 stilans,
1040 776 1071 840 et
1108 777 1208 839 tetrus
1246 775 1344 840 faetor
1374 774 1558 840 cadaverum

205 861 325 926 Patriae
361 863 463 928 salvos
487 863 618 942 exhibet,
644 881 692 926 me
715 864 843 928 candida
866 866 898 927 et
927 864 1127 928 immaculata
1149 862 1293 940 fidelitas,
1326 863 1441 928 nitidus
1472 881 1559 928 amor

208 949 330 1016 Patriae
350 953 382 1016 et
405 950 494 1016 unica
516 967 585 1034 spes
608 969 677 1015 mea
699 950 731 1014 in
765 950 825 1016 Sua
856 952 1020 1016 Maiestate
1061 952 1182 1016 firmata
1213 953 1249 1015 ad
1284 951 1347 1014 ima
1380 951 1560 1034 praecipitia

192 1037 352 1103 detrudit.
391 1038 586 1122 Ungarornm
621 1039 744 1122 negotia
777 1038 866 1104 facile
894 1040 953 1103 fuit
988 1039 1061 1104 mihi
1086 1039 1149 1104 fare
1173 1037 1301 1116 disfare;
1326 1039 1559 1122 sciviUngaros

205 1145 271 1190 esse
295 1126 462 1205 imbecileS,
486 1127 563 1192 sciri
586 1129 753 1191 tractatum
779 1125 902 1191 illorum
926 1146 995 1192 cnm
1018 1128 1117 1193 anca
1134 1126 1260 1191 minime
1277 1127 1464 1205 conclusum,
1481 1127 1558 1192 scivi

206 1213 310 1279 omnia
341 1217 465 1297 negotia
486 1215 613 1279 illorum
635 1233 654 1278 a
675 1215 776 1279 Turca
797 1215 828 1278 in
858 1234 907 1279 me
937 1215 1097 1294 confidete,
1130 1217 1208 1278 unde
1238 1215 1359 1292 nullum
1391 1216 1560 1297 pericnlum

206 1300 287 1368 Suae
322 1301 479 1368 Maiestati
511 1301 673 1366 imminere
701 1303 776 1376 vidi;
804 1321 890 1383 porro
910 1323 963 1386 per
984 1323 1035 1368 eos
1058 1303 1190 1386 gratiam
1214 1305 1245 1366 et
1262 1302 1404 1379 favorem,
1419 1302 1512 1368 simul
1528 1306 1560 1367 et

207 1394 428 1470 promotionem
457 1391 537 1472 apud
567 1389 661 1454 Suam
692 1390 891 1454 Maiestatem
924 1392 1091 1473 promereri
1121 1391 1319 1456 consideravi.
1362 1392 1477 1473 Estque
1513 1392 1558 1455 ita

206 1477 332 1556 facturn,
356 1483 446 1561 prout
470 1481 502 1543 et
524 1477 665 1556 iudicavi,
690 1481 816 1543 euentus
835 1479 901 1562 ipse
924 1479 1038 1556 docuit,
1062 1483 1183 1562 praeter
1213 1479 1292 1561 quod
1325 1478 1357 1542 in
1391 1478 1455 1543 loco
1488 1481 1557 1544 tan·

207 1569 307 1631 tarum
333 1568 555 1649 promissarum
577 1568 748 1648 gratiarum
771 1585 840 1631 ecca
864 1569 895 1631 in
929 1567 1001 1650 quid
1036 1567 1152 1632 deveni.
1189 1567 1301 1630 Merito
1332 1584 1457 1649 possum
1485 1566 1557 1631 illos

208 1669 314 1720 versus
339 1655 535 1737 apropriare:
564 1656 632 1731 „Sic
656 1673 707 1718 uos
732 1673 790 1719 non
814 1655 919 1719 vobis“
945 1658 1003 1719 etc.
1029 1657 1085 1720 etc.

316 1740 416 1822 Quum
447 1743 581 1826 primum
616 1743 695 1809 Suae
733 1741 909 1807 Maiestatis
941 1741 1106 1826 benignum
1140 1742 1321 1806 mandatum
1352 1741 1424 1820 ridi,
1463 1760 1561 1806 nonne

207 1829 385 1896 immediate
408 1831 609 1913 antecipando
632 1831 716 1896 iussa
736 1849 804 1894 sum
826 1832 1008 1913 exequutus?
1031 1833 1111 1915 Elrgo
1135 1832 1212 1909 ideo,
1246 1833 1394 1914 tanquam
1424 1829 1558 1895 scelera·

210 1917 361 1995 tissimus,
386 1937 441 2001 per
462 1919 630 1985 tribunalia
648 1918 810 2001 divulger?
1581 1983 1583 1988 ,

312 2005 398 2086 Quod
420 2007 608 2073 conditiones
632 2007 793 2071 temerarie
818 2005 849 2068 iu
866 2006 1035 2088 proiectum
1060 2005 1138 2083 dedi,
1162 2005 1278 2082 fateor3
1304 2009 1351 2070 est
1376 2023 1459 2071 error
1477 2005 1564 2071 stoli·

187 2093 328 2172 ditatis,
354 2113 413 2159 non
434 2095 551 2160 crimen
574 2097 677 2161 laesae
701 2093 883 2173 Maiestatis,
909 2114 962 2159 nec
985 2114 1036 2159 eas
1053 2113 1123 2158 cnm
1146 2095 1318 2158 conditione
1341 2093 1482 2177 sineque
1507 2113 1565 2158 non

210 2183 297 2264 petii.
322 2180 430 2247 Nonne
453 2184 660 2249 acerbissimis
682 2183 788 2264 poenis
811 2181 868 2246 hoc
891 2185 1050 2264 peccatum
1073 2182 1234 2266 plusquam
1258 2181 1395 2266 expiavi?

316 2269 377 2334 Hic
400 2271 493 2336 liceat
516 2271 619 2355 aliqua
643 2272 729 2334 extra
752 2269 862 2334 seriem
885 2271 1029 2352 proferre.

315 2357 398 2436 Fuit,
422 2360 556 2442 inquam,
581 2361 655 2424 haec
676 2358 787 2423 techna
809 2357 966 2423 multoties
990 2359 1115 2435 usitata,
1139 2356 1234 2422 etiam
1259 2373 1276 2421 a
1297 2355 1488 2422 fidelissimis
1504 2358 1566 2422 Va·

212 2444 309 2523 sallia,
332 2447 470 2529 potentia
492 2450 524 2512 et
545 2447 661 2512 invidia
681 2446 873 2512 aemulorum
895 2446 927 2510 in
951 2446 1032 2510 Aula
1065 2447 1228 2528 oppressis.
1270 2443 1349 2524 Quid
1380 2444 1504 2524 mirum,
1538 2445 1565 2509 si

212 2532 322 2598 itidem
347 2535 516 2617 practicare
540 2535 632 2612 volui,
656 2553 726 2598 cum
751 2533 813 2597 uidi
834 2553 883 2598 me
908 2553 1034 2618 meaque
1057 2537 1163 2598 devota
1185 2534 1315 2598 seruitia
1332 2535 1455 2598 omnino
1485 2533 1566 2598 obli·

210 2620 328 2686 taxari?
351 2621 462 2687 Omnia
480 2642 556 2700 mea,
581 2640 686 2687 ornnes
708 2620 855 2699 fortunas,
878 2640 982 2686 omnes
1013 2622 1207 2703 anticipando
1240 2625 1413 2704 prouentus,
1445 2640 1566 2703 semper

211 2726 281 2773 cum
305 2710 439 2775 evidenti
462 2712 656 2776 enervatione
677 2729 745 2774 mea
775 2711 806 2773 in
829 2711 954 2774 seruitia
976 2709 1055 2775 Suae
1079 2710 1258 2774 Maiestatis
1285 2711 1478 2791 consumpsi;
1512 2727 1566 2772 nec

211 2815 266 2881 ego
289 2797 400 2876 solum,
424 2801 475 2864 sed
499 2801 619 2882 integra
640 2798 761 2862 familia
784 2816 860 2874 mea,
887 2816 942 2861 nec
966 2797 1130 2881 aliqnando
1146 2798 1281 2880 aliquam
1307 2797 1416 2861 utilem
1433 2797 1567 2881 gratiam

212 2885 350 2968 aquirere
374 2886 469 2952 valui:
492 2887 736 2970 septuagesimus
759 2904 864 2960 annus,
889 2903 907 2950 a
929 2904 986 2967 quo
1009 2904 1119 2970 magna
1134 2888 1165 2950 et
1181 2886 1286 2967 ampla
1302 2884 1434 2949 confinia
1461 2888 1567 2950 contra

211 2975 276 3038 tem
300 2975 465 3039 immanem
499 2977 531 3038 et
567 2977 721 3058 potentem
757 2973 877 3038 hostem
908 2974 1037 3055 propriis
1071 2973 1211 3056 expensis
1246 2975 1278 3038 et
1309 2974 1424 3038 virtute
1463 2975 1568 3037 nostra

212 3059 413 3126 defendimus.
438 3063 497 3128 Per
519 3081 572 3128 nos
589 3081 683 3146 regna
706 3060 784 3126 Suae
806 3060 981 3125 Maiestatis
1004 3080 1108 3126 secure
1129 3061 1300 3126 dormiunt.
1324 3062 1365 3126 Et
1381 3080 1461 3126 nunc
1474 3061 1513 3124 ab
1529 3061 1568 3124 il-

212 3149 251 3213 lis
274 3150 324 3214 rel
346 3151 477 3215 maxime
502 3151 745 3232 persecutionem
768 3149 877 3232 patior.
914 3147 1027 3213 Merite
1053 3169 1178 3232 possum
1214 3149 1383 3214 assimilari
1414 3149 1569 3222 candelae,

212 3255 288 3318 quae
310 3237 381 3302 aliis
405 3239 595 3304 inserviendo
612 3240 846 3314 consummitnr,
871 3236 981 3300 ultimo
1016 3257 1086 3302 cum
1110 3241 1148 3302 ad
1178 3239 1348 3302 extinctum
1384 3236 1568 3319 peruenerit,

212 3343 332 3406 semper
354 3325 455 3390 locide
477 3326 617 3392 flammas
640 3326 745 3391 exilire
770 3327 871 3391 sidere
894 3329 951 3403 est,
976 3329 1006 3390 et
1030 3329 1176 3408 expirare.
1214 3324 1354 3389 Profecto
1375 3345 1445 3390 cum
1473 3326 1568 3390 totius

213 3412 295 3478 orbis
318 3414 464 3478 attonitta
482 3415 682 3480 admiratione
706 3415 768 3478 iarn
792 3414 903 3478 ultima
925 3412 1050 3478 flamma
1065 3415 1208 3497 prosiliit.
1227 3416 1261 3476 et
1288 3433 1356 3477 snm
1374 3414 1405 3477 in
1421 3413 1568 3478 extinctu.

213 3499 301 3565 Nihil
327 3520 462 3584 unquam
485 3503 549 3568 illis
572 3502 715 3568 contrarii
738 3502 854 3585 aliquid
878 3502 945 3578 feci,
970 3502 1090 3567 debitos
1112 3507 1268 3585 respectus
1302 3521 1428 3584 semper
1465 3501 1571 3577 tribui,

213 3606 336 3653 omnem
359 3590 602 3656 satisfactionem
625 3591 656 3654 iu
679 3590 832 3668 omnibus,
858 3589 1043 3673 plusquam
1067 3590 1170 3668 debui,
1195 3589 1286 3668 dedi,
1319 3608 1374 3654 nec
1406 3607 1572 3673 conqueror

214 3679 319 3741 contra
341 3696 455 3757 omnes,
480 3681 550 3743 novi
573 3678 724 3761 siquidem
748 3697 806 3741 non
829 3677 973 3760 aequales
993 3678 1024 3742 in
1047 3680 1189 3743 omnibus
1224 3695 1368 3742 rancores
1402 3677 1461 3755 ali,
1496 3676 1572 3740 haec

216 3765 374 3846 provenire
398 3766 497 3830 selum
520 3768 558 3831 ab
583 3785 643 3831 nno
667 3767 722 3830 ant
744 3766 850 3842 altero,
876 3785 946 3829 nem
972 3766 1002 3829 in
1022 3768 1145 3831 senibus
1180 3765 1283 3828 omnia
1317 3765 1474 3844 deliciunt,
1508 3763 1574 3829 sola

216 3853 347 3917 auaritia
380 3855 511 3930 crescit,
554 3854 734 3938 praesertim
770 3872 845 3936 quos
878 3872 963 3920 ueros
995 3855 1191 3938 philosophos
1230 3871 1297 3918 asse
1333 3854 1450 3918 volunt.
1489 3853 1574 3918 Haec

217 3941 382 4006 sufficient.

318 4029 490 4104 Praeterea,
513 4031 632 4114 quoties
656 4028 688 4092 in
711 4029 864 4112 imperiali
898 4029 981 4094 bello
1003 4029 1134 4113 propriis
1159 4029 1272 4094 nostris
1307 4033 1456 4112 expensis,
1483 4028 1577 4093 relin-

215 4117 332 4201 quendo
354 4117 456 4182 omnia
479 4121 590 4195 nostre,
618 4117 696 4183 Suae
721 4117 880 4182 Maiestati
903 4119 1146 4182 inseruiuimus?
1170 4118 1287 4182 nullam
1322 4117 1575 4182 commoditatem

215 4205 432 4287 obsequiorum
455 4207 585 4289 neglexi.
609 4205 758 4272 Raflectat
781 4225 813 4270 se
849 4204 910 4269 Sua
945 4205 1112 4271 Maiestas:
1148 4224 1245 4270 nonne
1278 4204 1324 4269 fni
1358 4205 1460 4269 decori
1495 4204 1574 4270 Suae

216 4292 376 4358 Maiestati
406 4294 625 4370 Frankofurti,
657 4298 688 4358 et
717 4293 786 4359 aliis
810 4294 909 4358 locis?
934 4294 1035 4358 nullus
1066 4294 1210 4377 regiano
1244 4295 1275 4357 in
1310 4295 1443 4358 servitiis
1474 4292 1576 4356 astitit
1659 4341 1662 4346 .

175 4421 177 4426 -
216 4386 452 4464 praeterquam
476 4402 540 4466 ego,
573 4382 617 4447 fui
651 4382 834 4446 miraculum
877 4383 987 4446 exteris
1022 4386 1088 4446 tam
1122 4382 1282 4448 fidelitatis
1318 4381 1575 4445 demonstratione

215 4487 307 4552 quam
330 4472 544 4535 catenatorum
569 4489 705 4535 meorum
729 4472 878 4534 uirtutum
902 4471 1016 4534 decore.
1046 4469 1094 4534 Sit
1124 4487 1178 4551 pro
1212 4469 1339 4533 arbitrio
1366 4469 1448 4533 Suae
1479 4468 1575 4532 Maie-

216 4558 316 4634 statis
341 4559 367 4621 si
388 4575 447 4622 non
468 4557 524 4636 fui,
549 4563 614 4622 esto
637 4559 809 4635 minimum,
835 4559 1067 4634 incrementum,
1092 4559 1255 4621 nonenim
1281 4555 1575 4622 luitminimaratio

216 4663 325 4710 corona
359 4646 521 4729 Ungarica,
557 4646 690 4728 aquisita
720 4647 932 4727 imperatoriae
956 4645 1141 4710 Maiestatis.
1167 4645 1305 4727 Denique
1333 4663 1392 4708 non
1417 4643 1462 4708 fui
1485 4643 1576 4708 dede-

217 4733 290 4811 cori,
318 4735 344 4797 si
368 4752 426 4797 non
451 4733 576 4818 gloriae,
598 4732 675 4800 Suae
695 4734 854 4798 Maiestati
878 4734 909 4798 et
930 4732 1066 4798 familiae
1091 4751 1188 4799 meae.

321 4821 537 4888 antecessores
559 4823 656 4888 nostri
676 4822 735 4888 etsi
758 4821 892 4886 dominia
926 4821 988 4886 imo
1022 4820 1212 4905 principatus
1238 4837 1293 4904 pro
1317 4819 1476 4885 fidelitate
1507 4837 1576 4905 per·

1346 4922 1364 4963 ,4
1598 4921 1600 4924 .
