3518 5266
632 687 726 754 1670,
750 687 771 744 7
792 685 920 757 traorrju.
946 679 1078 744 Gradac.

271 805 342 888 ch.
365 804 449 874 uiec'e
469 805 568 889 jarljs
590 805 729 869 stalisem
753 802 936 888 lrranjslrim,
971 801 1011 866 da
1030 800 1063 885 je
1087 819 1138 866 aar
1161 821 1195 866 sa
1218 801 1364 883 veseljem
1391 821 1462 867 uzeo
1489 822 1529 867 ua

167 893 274 976 znanje
290 893 421 977 njihoru
444 895 640 976 pripravnost
662 911 681 957 u
705 892 838 975 pogledu
861 889 1073 974 obslrrleenja
1097 890 1209 972 vojslre,
1235 890 1245 953 i
1269 889 1378 972 ujedno
1401 909 1434 956 se
1450 891 1530 954 nada

168 983 207 1046 da
230 979 264 1046 c‘e
288 982 337 1047 oni
359 981 370 1045 i
394 980 531 1064 unapred
547 981 608 1046 isto
632 980 704 1044 tako
727 979 783 1045 biti
806 979 961 1062 priprarni
984 995 1023 1041 na
1047 977 1193 1061 zahtjeve.

211 1073 290 1132 rota

633 1309 726 1376 1670,
751 1309 772 1364 7
794 1308 923 1380 trevario.
946 1305 1074 1366 aradae.

147 1493 152 1502 ,
277 1427 345 1511 Voj.
368 1426 451 1494 viec'e
475 1428 540 1510 pide
565 1426 654 1510 grcia
685 1425 918 1504 Herbersteinu,
952 1427 991 1491 da
1014 1445 1053 1490 on
1078 1426 1181 1509 vaijda
1204 1425 1297 1491 anade
1321 1445 1355 1491 aa
1379 1427 1529 1510 priprave,
1632 1493 1637 1503 ,

169 1515 239 1597 koJe
265 1515 391 1582 Mledic'i
414 1517 491 1591 dine,
515 1515 527 1579 i
551 1516 618 1579 zato
640 1516 679 1580 da
698 1515 731 1597 je
759 1533 812 1580 car
841 1515 945 1598 poslao
969 1515 1166 1597 povjerenilra
1193 1514 1307 1598 Franju
1330 1515 1417 1598 grofs
1441 1515 1529 1580 Diet-

170 1605 337 1669 richsteina
362 1623 381 1668 u
404 1602 577 1687 primorslre
601 1604 713 1681 strane,
738 1620 826 1684 pram
842 1602 955 1678 Gorici,
977 1602 1071 1667 Treta
1094 1603 1104 1665 i
1127 1601 1224 1678 llieci,
1248 1602 1288 1667 da
1304 1603 1393 1685 ondje
1410 1621 1444 1668 sa
1459 1621 1529 1686 pro-

169 1691 320 1775 sijantom
345 1692 355 1755 i
379 1690 558 1773 municiJ'om
585 1691 698 1772 mjesta
728 1690 864 1790 prouidi3
895 1690 906 1752 i
933 1689 983 1773 jer
1013 1688 1047 1754 c'e
1081 1689 1134 1754 isti
1168 1689 1304 1791 lomisar
1326 1689 1531 1790 ininslroga

169 1777 266 1843 dabra
292 1799 309 1843 u
332 1779 484 1862 primorJ'u
514 1779 526 1842 i
560 1777 672 1844 okolioi
702 1779 838 1860 posJestr,
872 1795 907 1841 aa
932 1779 963 1842 to
990 1777 1069 1842 neira
1103 1796 1136 1842 se
1168 1779 1249 1842 staur
1281 1779 1393 1860 anim
1419 1799 1436 1843 u
1461 1797 1531 1862 spo·

169 1866 379 1950 raaumljenje.

211 1957 289 2016 loiri.

811 2065 904 2150 250.

172 2194 265 2261 1670,
287 2195 308 2250 7
329 2193 460 2265 traceio,
486 2174 631 2251 (lutevae.
658 2192 747 2251 Peter
770 2191 893 2250 Zriaslct
910 2192 1051 2265 prisoaje
1074 2209 1147 2251 earu
1166 2194 1248 2266 sooja
1262 2193 1427 2266 copiastae,
1446 2195 1533 2266 prosi

165 2281 374 2352 puerascere,
397 2280 472 2353 salja
492 2297 582 2354 scopo
604 2281 672 2338 siaa
693 2297 713 2338 a
736 2280 798 2339 Bet
828 2297 866 2340 cc
896 2284 981 2338 lacco
1007 2281 1019 2337 i
1041 2297 1066 2338 o.
1092 2280 1234 2338 Forstala
1265 2297 1302 2339 aa
1323 2283 1401 2354 scaje
1425 2299 1530 2356 eprae-

9 2349 11 2460 )
655 2367 754 2440 dorae,
777 2367 891 2440 obetujc
913 2369 1051 2441 vjcrnost.

274 2485 506 2568 Angustissimo
530 2505 644 2566 caesar,
669 2487 803 2566 domine,
835 2488 958 2551 demine
991 2486 1253 2551 clementissime!
1286 2487 1332 2550 Ex
1356 2489 1443 2568 patre
1467 2507 1534 2552 ma·

172 2574 270 2656 gistro
294 2574 431 2638 Forstall
454 2577 563 2638 reduce
582 2575 703 2639 abunde
727 2575 876 2651 intellexi,
908 2593 985 2656 quae
1017 2574 1044 2637 ei
1076 2577 1216 2656 princeps
1246 2575 1284 2638 de
1307 2574 1477 2641 Loblrovita
1500 2578 1532 2640 et

172 2661 261 2726 aulae
283 2661 486 2727 cancellarius
510 2664 631 2728 nomine
655 2663 829 2726 maiestatis
862 2665 981 2726 vestrae
1010 2679 1151 2725 cesareae
1174 2661 1240 2725 fuse
1269 2666 1530 2743 praesentaverat.

173 2747 251 2812 (lum
276 2749 379 2814 nullus
410 2769 544 2831 unquam
571 2770 587 2814 e
610 2749 730 2814 familia
753 2769 822 2814 mea
852 2749 1091 2832 augustissimae
1114 2751 1286 2812 austriacas
1313 2749 1417 2814 domui
1450 2749 1532 2813 inter

170 2837 215 2900 tot
246 2838 411 2919 tantosque
435 2837 590 2920 Ungariae
612 2838 767 2902 tumultus
799 2836 931 2901 infidelis
967 2836 1112 2913 extiterit,
1146 2836 1199 2900 sed
1226 2837 1419 2901 constantem
1443 2856 1532 2902 suam

172 2922 265 2988 fidem
289 2923 437 2989 effusione
463 2925 509 2989 sui
540 2925 700 3006 sanguinis
733 2923 909 3006 frequenter
939 2925 1213 2989 demonstraverit:
1247 2923 1339 3004 absit,
1375 2927 1410 2988 ut
1433 2943 1530 3007 egea

172 3012 249 3075 meis
274 3012 441 3076 maioribus
465 3012 660 3096 degenerem,
685 3016 740 3076 aut
760 3013 841 3076 inter
863 3011 1001 3076 infideles
1032 3029 1224 3076 annumeret.
1259 3010 1306 3074 De
1340 3013 1529 3092 protectione

173 3099 289 3164 turcica
312 3099 507 3182 suscipienda
531 3119 685 3182 nunquam
708 3101 903 3183 cogitassem,
936 3099 995 3164 nisi
1025 3099 1175 3180 plurimae
1207 3099 1416 3176 necessitates,
1441 3102 1532 3165 notae

173 3185 234 3250 iam
260 3189 379 3252 vestrae
404 3187 560 3252 maiestati
585 3205 756 3266 caesareae,
783 3186 1006 3270 impulsissent.
1040 3187 1140 3251 Deum
1172 3187 1268 3252 etiam
1292 3189 1535 3271 omnipotentem

174 3275 272 3338 testor
296 3277 328 3339 et
361 3275 554 3339 solenissime
594 3275 678 3339 iuro:
712 3276 819 3357 primo,
851 3275 930 3357 quod
961 3273 1036 3338 nulli
1069 3275 1224 3352 tractatui,
1257 3275 1444 3339 conclusioni
1477 3279 1534 3340 aut

174 3362 368 3426 conventioni
393 3381 462 3427 cum
487 3362 594 3428 Turois
619 3363 851 3444 subscripserim
883 3365 997 3428 autea
1026 3364 1095 3426 rata
1119 3381 1255 3445 unquam
1279 3361 1461 3441 habuerim;
1487 3382 1536 3427 sc-

174 3452 283 3526 cundo,
307 3451 386 3532 quod
419 3450 493 3515 licet
522 3467 636 3532 magna
670 3470 721 3532 spe
752 3451 989 3533 allegantibus
1020 3450 1181 3532 promissis
1212 3449 1322 3514 fuerim
1355 3451 1477 3515 illectus
1508 3454 1539 3515 et

176 3537 316 3601 tentatus
338 3556 357 3601 a
380 3538 497 3614 Turcis,
523 3557 678 3620 nunquam
699 3541 805 3602 tamen
828 3557 1011 3602 consensum
1034 3539 1161 3620 plenum
1186 3540 1217 3602 et
1240 3537 1414 3602 absolutum
1433 3556 1537 3602 eorum

176 3625 404 3689 tentationibus
432 3626 580 3700 dederim,
613 3645 767 3708 nunquam
800 3625 914 3690 serium
945 3628 977 3689 et
1006 3625 1171 3690 candidum
1205 3625 1343 3688 animum
1376 3626 1537 3690 habuerim

177 3729 226 3776 me
250 3712 359 3777 [lurcio
383 3713 594 3790 submittendi,
619 3713 718 3779 multo
742 3712 846 3776 minus
863 3711 1047 3794 suscipiendi
1070 3731 1156 3776 arma
1172 3713 1277 3777 contra
1293 3714 1428 3777 vestram
1444 3713 1539 3778 maie·

177 3799 294 3863 statem
317 3819 493 3866 caesaream
516 3801 547 3864 in
572 3801 698 3865 illorum
715 3800 861 3865 favorem.
886 3800 947 3865 Per
969 3800 1026 3864 hoc
1050 3804 1152 3864 temen
1176 3799 1350 3864 nullatenus
1374 3820 1423 3864 me
1446 3800 1538 3866 iusti·

177 3885 272 3951 ficare
295 3889 431 3966 intendo,
454 3907 635 3971 summeque
660 3889 807 3971 poenitet,
839 3887 918 3970 quod
951 3888 999 3954 vel
1031 3887 1143 3952 tentari
1168 3886 1291 3971 quidem
1315 3908 1365 3953 me
1388 3889 1534 3972 permise-

177 3975 249 4039 rim.
274 3974 481 4040 Asseeuratus
504 3977 609 4058 itaque
633 3995 668 4040 ex
692 3975 806 4041 litteris
821 3977 969 4059 principis
986 3977 1022 4040 de
1038 3974 1209 4040 Loblrovicz
1227 3976 1259 4040 et
1274 3978 1421 4042 relatione
1437 3978 1536 4059 patris

177 4062 221 4126 M.
246 4062 372 4129 Forstal
402 4065 439 4128 de
472 4063 714 4129 clementissima
746 4066 865 4129 vestrae
897 4063 1070 4128 maiestatis
1099 4082 1258 4128 caesareae
1289 4083 1362 4148 erga
1394 4084 1443 4129 me
1465 4085 1536 4147 pro-

178 4150 338 4233 pensione,
362 4169 421 4234 qua
446 4171 604 4233 nunquam
628 4171 678 4215 me
703 4153 869 4216 anthusae
893 4153 998 4235 partes
1029 4153 1166 4216 deserere
1189 4151 1333 4232 intendit,
1358 4151 1536 4235 provolutus

183 4237 222 4302 ad
245 4257 348 4320 genua
370 4241 492 4304 vestrae
515 4240 689 4304 maiestatis
713 4257 871 4305 caesareae
893 4239 1015 4304 veniam
1037 4243 1119 4322 peto,
1151 4242 1183 4304 et
1204 4258 1264 4319 me,
1288 4260 1416 4324 meaque
1440 4242 1543 4308 omnia

178 4326 354 4392 humillime
379 4330 409 4392 et
434 4325 673 4392 iucunditiouate
709 4327 860 4391 submitto
884 4331 916 4391 et
940 4327 1066 4392 remitto
1090 4328 1271 4394 clementiae
1295 4332 1415 4394 restrae
1441 4330 1539 4394 maio-

179 4415 271 4478 statis
296 4431 464 4493 caesareae,
489 4414 671 4496 protectioni
694 4413 865 4479 'lurcorum
887 4416 919 4479 et
950 4415 1090 4480 eiusdem
1123 4415 1245 4481 blandis
1269 4417 1429 4500 promissis
1446 4419 1535 4484 abrs-

180 4503 297 4580 nuntio,
322 4505 354 4567 et
375 4505 406 4566 in
431 4503 623 4568 omnimodae
647 4499 807 4568 fidelitatis
831 4505 979 4567 tesseram
1003 4503 1127 4568 unicum
1148 4504 1247 4568 filium
1264 4523 1366 4570 meum
1382 4505 1536 4570 Viennam

180 4589 281 4656 mitto.
316 4589 446 4656 Caetera
480 4591 585 4654 amnia
622 4591 766 4673 dignetur
801 4590 1041 4656 clementissime
1076 4594 1180 4656 uestra
1212 4593 1360 4658 maiestas
1394 4611 1537 4658 caesarea

181 4676 285 4744 audire
311 4697 347 4742 ex
371 4679 509 4760 praelato
532 4684 619 4760 patre
634 4679 677 4741 M.
694 4678 828 4756 Forstal,
852 4697 944 4760 quem
968 4678 1044 4744 mihi
1067 4678 1164 4744 riuum
1187 4682 1219 4744 et
1242 4683 1363 4746 vestrae
1387 4681 1535 4746 maiesta-

181 4763 223 4830 tis
234 4784 395 4833 osesareae
416 4763 632 4830 fidelissimum
643 4783 763 4849 semper
775 4767 918 4849 expertus
930 4785 1018 4844 sum,
1042 4767 1075 4832 et
1090 4785 1147 4850 ego
1162 4767 1237 4832 data
1251 4767 1420 4850 occasione,
1443 4785 1533 4853 prac-
