3544 5288
1499 417 1562 486 401

211 595 292 662 Suae
314 591 492 660 Maiestatis
516 612 575 658 non
596 593 716 672 fuisset,
740 593 843 658 omnia
876 611 988 675 susque
1018 592 1137 658 inversa
1173 592 1304 658 fuissent
1336 611 1407 658 cum
1441 611 1562 660 summo

209 683 343 766 periculo
364 680 607 746 Christianitatis
627 683 659 746 ct
683 680 762 746 Suae
785 681 970 764 Majestatis.
994 680 1078 744 Haec
1100 682 1132 744 et
1155 680 1279 746 similia.

312 769 572 850 Respondeo:
596 768 666 833 Non
688 769 793 851 negari
816 770 927 852 potest,
961 769 1034 851 quin
1070 769 1183 833 invitus
1218 769 1292 833 iniri
1325 768 1494 835 amicitiam
1531 773 1562 838 et

209 857 509 940 correspondentiam
531 877 602 922 com
620 857 712 921 Porta
734 855 937 934 Ottomaoica,
961 856 1036 922 sciri
1061 875 1190 938 namque
1219 860 1250 920 et
1280 859 1447 940 auguratus
1483 878 1561 938 sum,

210 946 329 1011 similes
351 946 470 1010 fructus
491 946 595 1010 ruinae
619 963 704 1009 meae
729 943 847 1008 similes
871 946 994 1009 arbores
1016 944 1150 1020 adferre;
1172 945 1323 1027 quomodo
1346 947 1449 1010 autem
1470 947 1560 1012 alitor

208 1033 358 1118 expiscari
382 1033 552 1115 potuissem
575 1034 709 1098 secretas
732 1032 916 1096 intentiones
949 1033 1152 1111 inimicorum,
1193 1032 1271 1096 mihi
1305 1035 1388 1098 certe
1422 1037 1561 1116 ignotum

209 1129 265 1187 est.
290 1121 498 1187 Nihilominus
522 1124 636 1198 tamen,
661 1121 870 1204 postponendo
892 1139 975 1185 meas
998 1119 1144 1199 fortunas,
1178 1121 1276 1186 vitam
1309 1122 1342 1184 et
1373 1122 1475 1186 omnia
1508 1141 1562 1206 pro

212 1212 303 1276 solita
322 1217 354 1274 et
375 1211 482 1274 innata
503 1209 640 1290 familiae
663 1227 748 1273 meae
772 1210 928 1274 deuotione
952 1210 984 1272 et
1007 1207 1166 1286 fidelitate,
1189 1209 1275 1273 iussa
1297 1209 1412 1274 invitus
1446 1211 1561 1295 peregi,

211 1303 242 1363 et
264 1297 321 1364 feci
347 1298 412 1374 hoc,
436 1298 519 1381 quod
541 1315 665 1380 possum
686 1297 753 1361 iuro
777 1297 887 1361 merito
910 1297 1019 1360 dicere.

316 1384 393 1450 Sum
414 1404 504 1450 causa
527 1385 748 1468 permansionis
770 1384 939 1468 Ungaria03
964 1384 995 1448 id
1014 1384 1113 1465 primo
1125 1386 1316 1466 paragrapho
1334 1383 1460 1451 ultimae
1478 1405 1563 1454 meae

210 1473 422 1555 suplicetionis
435 1472 478 1558 (o.
495 1472 572 1557 571)
585 1476 725 1538 exaratae
737 1472 926 1554 conprobavi.
940 1471 999 1538 Sed
1012 1473 1084 1554 quia
1094 1473 1192 1557 gloria
1204 1476 1269 1537 tam
1294 1473 1332 1537 ob
1349 1473 1479 1539 uirtutes
1494 1494 1565 1557 pro·

211 1561 296 1646 prias
316 1581 407 1645 quam
430 1562 561 1626 aliorum
584 1561 662 1624 vitia
685 1562 715 1624 in
738 1560 873 1643 periculo
895 1562 951 1635 est,
976 1559 1043 1625 ideo
1066 1561 1097 1624 in
1121 1560 1262 1626 omnibus
1278 1560 1413 1624 indebite
1429 1580 1563 1628 accusor.
1654 1613 1657 1634 .

211 1650 342 1726 Dicitur,
364 1650 500 1732 iuquam,
524 1649 599 1714 baec
618 1647 745 1713 fortuito
768 1648 921 1725 accidisse,
946 1649 977 1711 et
998 1668 1051 1730 per
1073 1648 1293 1730 providentiam
1317 1649 1451 1714 divinam
1475 1651 1564 1716 effec-

212 1739 310 1816 tuata,
334 1739 384 1801 ast
405 1737 536 1802 intentio
557 1737 641 1801 mala
663 1736 732 1801 fuit.
769 1736 883 1801 Verum
911 1739 960 1800 est
991 1741 1091 1801 omnia
1127 1736 1194 1801 fieri
1228 1736 1419 1819 providentia
1453 1737 1564 1818 divina,

211 1828 268 1891 hoc
293 1826 393 1908 ipsum
414 1825 497 1889 Deus
518 1841 572 1908 per
594 1842 642 1888 me
667 1825 711 1888 sic
734 1824 799 1888 heri
823 1825 929 1904 uoluit,
954 1827 1056 1888 utrum
1081 1826 1113 1888 in
1136 1824 1375 1889 destructionem
1398 1843 1510 1906 meam,
1526 1845 1591 1911 ao,

215 1932 285 1979 vero
308 1915 338 1977 in
362 1914 565 1996 augmentum
587 1911 725 1976 familiae
748 1930 843 1990 meae,
869 1912 925 1976 Dei
949 1930 1095 1977 arcanum
1120 1914 1176 1978 est.
1206 1929 1223 1964 a
1428 1960 1433 1970 ι

317 2001 529 2066 Producuntur
560 2000 667 2065 literae
698 2000 948 2076 Bukoratschlrii,
973 2019 1008 2065 er
1031 2018 1102 2065 arce
1123 2000 1194 2065 Zrin
1218 2001 1256 2065 ad
1280 2019 1328 2064 me
1352 2004 1503 2082 exaratae,
1529 2003 1578 2084 de,

213 2090 284 2154 dato
314 2089 363 2153 die
393 2107 504 2172 magno
528 2088 651 2164 Sabati3
683 2087 813 2166 docebit,
848 2107 898 2153 me
933 2088 1050 2153 nullam
1084 2087 1377 2154 confoederationem
1411 2090 1567 2173 subscrip·

213 2179 297 2255 sisse,
322 2175 441 2241 nullam
463 2176 669 2242 conditionem
692 2178 877 2258 acceptasse,
903 2176 1020 2241 nullam
1049 2177 1283 2241 instructionem
1317 2177 1564 2242 Bakouatschkio

213 2266 347 2342 dedisse;
372 2265 510 2349 sigillum
529 2263 633 2329 solum
656 2263 703 2328 illi
726 2264 852 2339 confidi,
878 2264 956 2347 quod
980 2265 1096 2347 absque
1120 2283 1186 2330 meo
1203 2266 1323 2330 nomine
1340 2269 1371 2330 et
1388 2267 1563 2332 charactere

214 2355 299 2436 parui
321 2353 384 2417 imo
408 2352 523 2418 nullius
549 2352 697 2430 momenti
727 2371 780 2416 seu
803 2352 953 2417 efficatiae
983 2353 1039 2416 est.
1074 2349 1155 2430 Quot
1188 2355 1316 2418 centena
1347 2352 1410 2419 imo
1439 2353 1566 2420 millena

214 2439 411 2508 Generalium
434 2440 540 2525 sigilla
562 2440 594 2504 in
612 2439 724 2504 Turoia
746 2440 963 2522 reperiuntur?

318 2527 479 2593 videbitur
501 2531 660 2612 praeterea
681 2532 834 2592 armatam
856 2529 956 2611 ipsam
979 2527 1010 2594 in
1031 2529 1174 2610 promptu
1198 2527 1300 2606 foisse,
1327 2529 1353 2593 si
1369 2528 1444 2593 mihi
1461 2530 1565 2602 tantus

212 2616 303 2680 ardor
316 2617 427 2681 fuisset
442 2617 584 2682 ‘turcicis
607 2615 828 2680 intentionibus
844 2615 997 2681 associari.
1020 2613 1108 2695 Quod
1132 2633 1201 2681 vero
1225 2617 1302 2681 tanti
1325 2618 1478 2682 tumultus
1502 2618 1561 2682 ort'

214 2704 277 2770 siut
299 2723 335 2769 ex
356 2705 504 2770 avaritiae
527 2705 695 2769 ambitione
729 2707 762 2769 et
788 2704 902 2768 inuidia
936 2705 1136 2786 quorundam,
1173 2724 1231 2769 non
1263 2705 1330 2768 ideo
1367 2725 1437 2770 sum
1470 2706 1566 2770 iocul-

214 2792 349 2875 pandus;
373 2812 426 2857 cur
447 2812 506 2858 oon
528 2793 727 2875 inspexerunt
748 2791 780 2855 in
803 2811 874 2857 suas
897 2791 1123 2868 instructiones,
1150 2812 1203 2856 cur
1225 2793 1382 2875 incognita
1414 2792 1457 2856 rei
1486 2795 1567 2859 veri·

214 2882 279 2945 tate
302 2881 423 2945 hostem
444 2880 567 2946 Patriae
590 2883 621 2945 et
640 2879 785 2944 rebellem
809 2899 858 2944 me
875 2879 1109 2961 pronuntiarunt
1121 2883 1152 2944 et
1169 2880 1387 2945 diffamarunt?
1404 2882 1465 2960 sed,
1484 2881 1566 2946 avidi

214 2970 363 3034 bonorum
385 2987 532 3045 meorum,
567 2969 635 3032 ausi
669 2971 742 3032 sunt
770 2967 944 3032 falsissimis
978 2967 1152 3032 rumoribus
1182 2971 1213 3032 et
1247 2968 1483 3051 inpositionibus
1517 2989 1566 3034 mc

214 3075 268 3140 pro
292 3056 379 3139 signo
395 3059 426 3120 et
449 3058 548 3139 capite
564 3055 738 3122 rebellionis
761 3054 982 3137 prostituendo,
1007 3053 1272 3121 Christianitatem
1295 3061 1326 3121 et
1351 3057 1444 3123 Suam
1468 3055 1570 3122 Maie-

214 3145 329 3210 statem
352 3146 534 3210 conturbaro
557 3149 588 3210 et
611 3145 642 3207 in
665 3163 714 3208 me
738 3146 925 3208 exacerbare.
940 3143 972 3210 Si
990 3163 1044 3222 ero
1060 3143 1242 3218 tempestive
1268 3163 1326 3208 non
1352 3145 1566 3227 insinuassem,

216 3235 324 3298 merito
347 3232 544 3298 condemnari
567 3251 697 3315 possem.
722 3233 891 3310 Praeterea,
914 3233 940 3296 si
963 3251 998 3295 ea
1021 3251 1097 3314 quae
1120 3231 1258 3296 facinori
1281 3233 1433 3309 fecissem,
1470 3234 1566 3298 simu·

214 3323 279 3388 late
299 3321 419 3387 scilicet
442 3339 499 3386 non
521 3339 697 3394 armassem,
722 3321 820 3384 omnis
843 3320 1030 3384 aucthoritas
1051 3323 1083 3385 et
1104 3319 1287 3386 confidentia
1311 3321 1440 3386 dorcica
1465 3322 1568 3386 trans·

216 3411 356 3494 plantata
379 3409 489 3474 fuisset
511 3412 543 3474 et
562 3409 664 3473 delata
690 3411 718 3472 io
743 3408 897 3492 [lugerem
924 3427 977 3472 nec
1000 3407 1169 3472 defuissent
1192 3409 1224 3472 in
1260 3407 1389 3486 Oroatia,
1421 3411 1471 3491 qui
1504 3429 1571 3474 am-

217 3497 376 3582 plectendo
399 3499 589 3580 accepissent
611 3497 799 3561 conditiones
825 3497 898 3560 mihi
923 3497 1112 3578 propositas3
1145 3495 1224 3561 unde
1250 3497 1396 3561 maiorem
1417 3499 1479 3563 rim
1503 3497 1569 3563 Un-

218 3589 323 3670 gariae
345 3585 471 3649 flammo
494 3587 525 3649 in
549 3605 580 3649 se
603 3585 827 3666 assumpsisset,
852 3587 882 3648 et
906 3583 1006 3648 forsan
1027 3584 1126 3650 adhuc
1149 3583 1282 3650 deterios
1313 3585 1431 3650 malum
1464 3585 1570 3651 subse·

218 3676 324 3740 cutum
347 3673 472 3749 fuisset;
497 3673 604 3738 itidem
629 3673 691 3737 ridi
715 3689 819 3736 omnes
843 3691 926 3737 meas
950 3672 1112 3736 relationes
1136 3691 1204 3736 meo
1243 3673 1360 3754 proprio
1398 3677 1572 3739 commento

218 3761 419 3840 adiudicatas,
443 3762 534 3826 timui
557 3760 736 3825 tarditatem
759 3762 880 3842 propter
904 3760 1161 3838 incredulitatem,
1186 3762 1217 3824 ot
1238 3761 1344 3825 horrui
1360 3761 1478 3844 proprie
1495 3761 1573 3826 ami-

219 3851 323 3916 citiam
347 3851 524 3916 Turcarnm.
549 3847 628 3914 Sane
652 3867 687 3912 er
707 3849 847 3914 omnibus
872 3851 946 3912 meis
970 3851 1047 3912 actis
1071 3847 1157 3932 (licet
1178 3849 1280 3913 omnia
1310 3849 1388 3912 mihi
1419 3850 1518 3915 celare
1541 3855 1572 3915 et

220 3939 372 4020 cooperire
396 3937 563 4023 decuisset)
588 3938 691 4002 tamur
715 3938 849 4002 multum
873 3939 943 4002 nota
966 3938 997 4000 et
1019 3936 1143 4001 evidens
1179 3937 1339 4002 sinceritas
1374 3939 1405 4003 et
1438 3938 1572 4004 fidelitas

220 4045 293 4110 erga
317 4026 411 4092 Suam
434 4025 634 4110 Majestatem
657 4025 739 4089 clara
762 4030 793 4088 et
813 4043 889 4106 pura
915 4025 1045 4089 refulsit.

293 4167 295 4175 ,
326 4113 444 4180 Ultimo
467 4131 537 4178 cum
560 4112 623 4179 ridi
646 4113 677 4176 in
709 4131 757 4176 me
787 4113 913 4177 excitari
943 4113 1055 4196 ignem,
1088 4130 1142 4176 nec
1173 4112 1360 4196 imaginatus
1389 4131 1459 4180 sum
1494 4113 1573 4181 Suae

221 4201 394 4269 Maiestatis
417 4201 449 4265 in
473 4221 521 4266 me
544 4200 678 4266 fororem
710 4202 784 4265 adeo
809 4201 1043 4282 praecipitanter
1066 4201 1188 4278 oboriri,
1213 4219 1319 4266 rerum
1343 4204 1401 4278 est,
1434 4221 1470 4268 ex
1501 4205 1573 4269 tunc

220 4291 370 4355 attentius
394 4289 529 4372 vigilavi,
554 4293 586 4353 et
608 4287 667 4353 feci
690 4307 726 4354 ea
748 4289 859 4372 quibos
884 4289 1010 4370 probam
1037 4287 1111 4352 facti
1141 4306 1221 4353 nunc
1248 4290 1436 4370 conprobare
1472 4291 1574 4356 inten-

221 4379 307 4444 dunt.
342 4377 469 4459 Hocque
504 4377 582 4455 ideo,
618 4397 654 4441 ne
689 4377 843 4459 trophaeis
866 4377 904 4441 dc
928 4375 1035 4440 humili
1059 4377 1175 4441 vasallo
1199 4375 1279 4441 Suae
1312 4375 1486 4443 Maiestatis
1522 4397 1573 4444 ae-

222 4465 297 4532 muli
320 4467 382 4530 mei
404 4465 531 4549 gloriari
554 4465 681 4547 possint.
705 4464 790 4528 Tunc
813 4465 891 4528 traxi
913 4464 946 4528 in
972 4463 1144 4529 amicitiam
1174 4482 1297 4529 meam
1331 4465 1577 4532 Franciska-

222 4572 312 4619 num
335 4555 495 4636 quandam,
520 4555 724 4637 quemantea
748 4570 901 4634 uunquam
925 4553 1004 4629 nori,
1030 4554 1065 4617 ut
1088 4570 1139 4634 per
1161 4552 1251 4617 illum
1275 4551 1312 4614 de
1347 4553 1473 4618 secretis
1496 4555 1578 4620 colo·

223 4641 372 4706 nellorum
396 4643 428 4705 in
449 4661 497 4705 me
520 4639 657 4705 conflatis
681 4640 795 4705 edoceri
820 4657 951 4723 possem,
975 4640 1080 4723 rogari
1110 4639 1200 4704 illum
1237 4639 1270 4703 ut
1304 4638 1476 4722 alloquatur
1511 4643 1575 4707 rice

224 4727 434 4813 Capitaneum,
454 4731 602 4812 quatenus
625 4729 743 4793 amicus
764 4727 841 4793 mihi
863 4727 1039 4804 remandat,
1064 4729 1095 4792 et
1118 4728 1269 4810 siquidem
1284 4727 1435 4792 confidere
1457 4733 1576 4794 secreta

224 4835 292 4883 mea
314 4817 406 4897 nolui,
431 4816 526 4882 terrui
550 4818 681 4883 adventu
703 4815 871 4894 [furcarum
905 4820 936 4882 et
969 4816 1124 4882 obsidione
1157 4815 1304 4895 civitatis,
1342 4819 1377 4880 ut
1409 4834 1444 4881 ec
1475 4819 1578 4902 magis

1332 4920 1374 4986 26
