3472 5294
235 429 302 498 514

236 606 311 674 dum
333 605 355 674 J
366 607 475 688 saka
496 607 689 693 pertigimus.
713 609 787 676 Inde
810 607 950 694 sequenti
971 607 1150 676 immediate
1172 609 1221 676 die
1242 610 1280 674 11
1303 608 1461 676 mensis
1490 605 1612 690 eius-

237 696 323 760 dem
344 695 422 780 junii
446 699 583 764 assumto
604 697 764 764 nobiseum
785 700 909 783 egregio
932 696 1150 782 Christoplaoro
1173 696 1280 775 Zeita,
1304 717 1331 763 v.
1344 697 1485 781 judlium
1505 711 1609 778 saepe

237 783 295 850 iati
317 783 487 850 comitatus
503 785 720 873 aegrubiensis
743 786 937 870 pervenimus
960 787 999 852 sd
1019 786 1099 852 boue
1121 789 1211 852 antea
1234 785 1450 851 Frauoisei
1475 783 1612 850 Bako-

237 871 390 956 vaohlrp
412 871 558 938 Taren
588 881 772 959 naaoupata,
794 875 918 941 omnino
940 875 973 940 ιι
993 874 1147 958 praedicto
1169 875 1319 942 eomitatu
1342 873 1519 950 existentia,
1544 870 1609 936 ha-

121 958 126 969 '
241 961 319 1039 bite,
344 959 519 1044 ibidemque
532 964 686 1044 praesenti
708 965 878 1030 memorato
899 963 964 1029 viee
983 961 1117 1047 judlinm
1136 981 1171 1028 ao
1193 961 1263 1028 aliis
1286 961 1426 1043 pluribus
1449 959 1607 1045 gloriosis

239 1050 270 1114 et
293 1048 445 1114 nobilibus
468 1048 542 1115 viris
564 1050 683 1117 ouriam
717 1054 749 1116 et
772 1050 851 1117 bona
873 1053 1052 1134 supratacto
1075 1051 1237 1130 Turan,
1273 1069 1344 1116 enm
1368 1050 1521 1116 universis
1544 1065 1604 1114 ae·

239 1137 368 1204 rundem
390 1137 540 1203 bonorum
562 1140 765 1222 pertinentiis,
789 1139 1032 1206 oonlisoavimns.
1077 1138 1127 1206 Ad
1150 1140 1279 1205 eandem
1300 1137 1418 1204 ιιιιιιι
1441 1137 1543 1202 ιιιοιι
1563 1136 1604 1200 et

238 1223 380 1310 inquilini
402 1225 463 1299 42‚·
499 1225 537 1291 de
566 1229 657 1293 rebus
689 1244 760 1292 vero
784 1228 951 1294 mobilibus
973 1229 1095 1313 praeter
1119 1227 1225 1294 vinnm
1253 1227 1482 1308 infrascriptum
1514 1223 1600 1289 nibil

237 1311 425 1398 reperimus;
450 1313 553 1380 omnia
576 1333 708 1398 namque
731 1334 784 1399 per
796 1316 943 1382 officiales
958 1319 989 1381 et
1011 1315 1200 1395 ooulinarios,
1222 1333 1330 1399 nempe
1351 1315 1513 1400 egregium
1526 1311 1605 1377 Sta-

238 1400 378 1485 phanum
399 1399 541 1481 Jellatie,
565 1405 637 1470 sunt
660 1407 794 1486 aeoepta
817 1404 947 1482 diventa,
971 1404 1076 1470 ablata
1098 1407 1131 1470 et
1150 1404 1269 1471 abacta.
1300 1403 1373 1469 Vini
1395 1419 1467 1468 vero
1489 1401 1523 1466 iu
1545 1415 1605 1464 aa·

242 1489 310 1555 dem
331 1487 435 1554 Taren
458 1490 490 1554 in
512 1489 639 1557 oellsrio
660 1492 758 1576 primo
783 1511 836 1558 vas
860 1513 953 1560 unum
976 1493 1156 1559 bubulorum
1176 1492 1262 1557 illins
1285 1490 1342 1558 looi
1361 1491 1409 1556 18.
1431 1489 1529 1555 Aliud
1544 1491 1604 1554 vas

239 1576 368 1644 tubulor
391 1578 514 1644 oirtiter
536 1579 589 1656 26,
623 1582 769 1663 quartum
793 1599 847 1646 vas
865 1581 1047 1648 bubulorum
1070 1580 1130 1660 36,
1165 1581 1308 1665 quintum
1331 1597 1384 1645 vus
1412 1578 1602 1644 enumera-

239 1664 292 1744 26,
317 1666 437 1730 sextum
460 1683 513 1732 vas
536 1667 717 1734 tubulorum
741 1667 794 1748 36,
818 1671 986 1753 septimum
1006 1688 1061 1735 vas
1084 1669 1266 1735 tubulorum
1291 1667 1340 1733 18.
1364 1666 1507 1732 Proxime
1524 1681 1602 1731 varo

239 1751 454 1838 praecedentia
477 1773 531 1837 per
555 1755 659 1820 omnia
681 1757 773 1840 plena
789 1775 848 1822 non
872 1763 955 1838 suut,
980 1775 1051 1824 nam
1066 1757 1202 1840 cujusvis
1224 1756 1346 1822 deesset
1367 1755 1431 1821 vini
1454 1755 1605 1837 inquan-

240 1840 332 1908 titate
361 1841 452 1907 unius
475 1844 634 1926 spitamaa.
658 1842 694 1908 In
717 1844 779 1910 alio
797 1863 916 1928 quoque
937 1846 1061 1911 sellario
1084 1845 1223 1929 equidem
1247 1845 1605 1928 eontiguoextantvasa

240 1929 303 1996 vini
326 1929 418 2014 plana
441 1948 533 2013 parva
555 1931 738 1998 tubulorum
759 1933 882 2000 oiroitan
905 1937 1023 2016 septem
1045 1952 1090 1999 nr.
1119 1933 1168 1997 13.
1192 1931 1341 1999 Ollloialis
1364 1931 1531 1998 eorundem
1544 1929 1605 1994 bo-

222 2027 347 2084 'norum
370 2019 558 2084 ooustitatus
581 2024 613 2086 at
634 2021 796 2104 adjuratas
821 2021 932 2087 nobilis
952 2022 1063 2087 Petrus
1086 2021 1321 2088 Martinlsoviob.

345 2104 422 2171 Inde
445 2125 516 2173 vero
540 2108 638 2174 adhue
661 2108 800 2174 eadem
823 2109 873 2175 die
896 2109 1025 2193 proiecti
1047 2108 1384 2175 Carolostadiam
1405 2123 1513 2174 versus
1546 2123 1603 2170 sn-

241 2211 321 2272 mus,
354 2195 490 2260 volentes
521 2195 636 2261 ibidem
671 2199 863 2280 sequenti
896 2197 1090 2264 imediate
1120 2198 1194 2276 dio,
1228 2197 1333 2264 babila
1364 2215 1434 2262 oum
1457 2195 1603 2276 eiusdem

239 2281 385 2368 praesidii
400 2281 582 2349 officialibus
606 2288 714 2350 mutua
736 2285 1013 2370 correspondentia,
1035 2285 1250 2368 primodomos
1263 2285 1412 2351 uomitum
1437 2282 1559 2348 Petri
1581 2300 1604 2346 a

242 2371 349 2438 Ζιιι
372 2371 404 2436 et
426 2371 644 2438 Francisoi
674 2371 941 2460 Tersaobky
972 2375 1003 2440 in
1027 2374 1132 2440 eodem
1162 2373 1314 2457 praesidio
1338 2373 1503 2438 existentes
1525 2387 1593 2434 oon·

241 2459 367 2547 lisoare;
399 2458 508 2525 deiude
537 2459 642 2528 ondins
666 2462 704 2526 ad
728 2461 789 2527 alia
820 2461 899 2527 bona
922 2461 1086 2528 eorundem
1115 2461 1264 2529 comitum
1297 2459 1454 2544 progred13
1490 2475 1601 2524 verum

241 2547 312 2631 quia
335 2547 481 2613 odieiales
514 2547 650 2631 eiusdem
679 2549 824 2632 praesidii
858 2550 1119 2634 praescriptarum
1155 2550 1311 2615 domorum
1345 2546 1600 2614 confiscationem

241 2634 406 2700 admittere
429 2635 605 2704 nullatenus
619 2634 797 2717 voluisseut,
820 2641 992 2705 asserentes
1008 2637 1116 2704 fissum
1140 2639 1260 2721 regium
1282 2657 1355 2703 suae
1368 2635 1597 2702 saeratissimae

241 2723 413 2789 maiestatis
436 2723 468 2789 iu
492 2726 597 2790 eodem
622 2725 774 2807 praesidio
797 2727 875 2792 nihil
898 2725 1106 2811 praetendere,
1130 2725 1229 2791 multo
1252 2726 1354 2790 miuus
1370 2725 1483 2790 bebere
1497 2741 1595 2805 posse,

241 2829 277 2876 ex
300 2829 359 2894 quo
382 2811 461 2875 idem
484 2812 672 2896 praesidium
692 2813 731 2879 ad
756 2833 843 2880 suam
866 2815 1111 2882 sacratissimam
1134 2814 1327 2880 maiestatem
1363 2832 1421 2878 non
1444 2815 1594 2894 tauquam

241 2917 344 2984 regern
368 2917 531 2983 regnorum
554 2899 743 2985 Rusguniae,
778 2903 953 2982 Dalmatiae
969 2907 1001 2968 et
1023 2901 1175 2979 croatiae,
1206 2903 1258 2967 sed
1282 2903 1441 2985 tamquam
1460 2901 1598 2982 impera·

241 2991 340 3054 torem
364 2989 396 3052 at
419 2987 613 3055 arohiduoem
636 2991 791 3066 Austriae,
814 2991 922 3057 duoem
947 3009 1016 3058 vero
1040 2989 1152 3056 Stiriae
1175 2993 1338 3073 spectaret,
1362 2991 1414 3055 ubi
1438 2989 1492 3054 diu
1514 2985 1598 3051 mul·

241 3079 368 3161 tamque
399 3075 486 3142 uobis
517 3095 587 3143 oum
610 3076 721 3144 iisdem
743 3079 926 3146 oilioialibas
949 3099 985 3146 ea
1008 3079 1045 3144 de
1068 3099 1101 3144 re
1121 3079 1351 3163 disputantibus
1372 3079 1495 3144 eilloexe
1516 3073 1597 3139 nibil

241 3165 408 3250 potuimus.
1503 3229 1511 3247 ,

347 3253 432 3319 Τιιο
454 3252 494 3319 ad
517 3253 632 3320 bona
656 3253 920 3320 oraliensia
941 3255 1146 3338 pervenimus.
1170 3255 1213 3320 lit
1235 3254 1335 3336 primo
1357 3253 1407 3319 die
1434 3251 1472 3316 13
1495 3268 1598 3317 meu-

242 3343 301 3408 sis
323 3340 591 3424 juniiaroem
621 3343 752 3426 ipsam
786 3340 930 3427 Oualy,
968 3343 1130 3427 utioaput
1161 3361 1268 3408 eorum
1296 3341 1455 3420 bonorum,
1490 3357 1594 3404 eoram

243 3433 412 3495 memorato
434 3431 500 3496 vioe
520 3431 654 3515 judlium
680 3449 751 3496 eum
774 3431 957 3496 comissione
980 3449 1073 3514 supra
1107 3432 1182 3496 teeti
1204 3432 1268 3496 viee
1293 3431 1416 3495 oomitis
1449 3431 1593 3504 emisso,

241 3535 278 3583 ao
302 3535 404 3582 eoram
427 3518 497 3584 aliis
519 3519 660 3603 pluribus
676 3518 830 3585 nobilibus
852 3518 967 3584 ibidem
990 3520 1203 3594 existentibus,
1227 3517 1465 3601 aprehendimus
1479 3521 1512 3582 et
1525 3533 1595 3582 oon-

242 3606 436 3682 fiscannum
460 3606 491 3672 in
514 3625 575 3690 qua
594 3606 830 3690 apprehensione
846 3609 878 3672 et
900 3605 1114 3673 oonfisoetione
1129 3607 1359 3673 illustrissimus
1382 3607 1522 3671 dominns
1546 3622 1596 3669 oo-

242 3713 308 3762 mss
331 3693 445 3760 Joanes
468 3694 616 3760 Ernestus
641 3695 839 3772 Ριιιιιιιιιι,
870 3697 916 3760 ιιι
941 3713 996 3780 pro
1018 3697 1092 3762 tuno
1114 3696 1145 3761 in
1168 3695 1320 3779 praesidio
1342 3691 1591 3761 carolostadiensi

241 3780 425 3850 comendans
448 3782 480 3849 et
503 3784 730 3867 vioegeneralis,
755 3801 825 3848 oum
848 3785 1011 3867 magnilica
1035 3784 1156 3850 domino
1181 3786 1291 3850 bunone
1308 3783 1419 3861 Seuer,
1455 3781 1591 3865 ejusdam

242 3869 386 3955 praesidi
417 3870 606 3951 vexillifero,
639 3891 675 3936 ex
705 3871 894 3937 ordinatione
924 3871 1129 3938 illustrissimi
1152 3873 1268 3937 domini
1292 3873 1414 3937 eomitis
1438 3870 1590 3955 generalis

183 4030 192 4038 ,
243 3957 502 4038 oarlostadiensis,
527 3961 593 4024 tam
622 3959 655 4024 ιι
679 3958 833 4043 praediola
854 3977 922 4025 aree
945 3958 1050 4045 Oualy,
1074 3979 1167 4044 quam
1190 3977 1261 4026 veno
1283 3961 1355 4025 aliis
1381 3961 1467 4026 bonis
1488 3957 1596 4025 oonlis·

241 4048 318 4114 eatis
339 4046 449 4131 ubique
473 4046 620 4112 militiam
640 4050 673 4114 et
694 4049 896 4130 stipendarios
917 4048 1085 4114 existentes
1108 4049 1235 4114 edonare
1258 4048 1342 4114 nullo
1367 4048 1456 4114 modo
1480 4047 1591 4114 voluis-

241 4139 306 4212 set;
342 4153 448 4200 verum
471 4135 584 4220 ubique
606 4136 638 4200 in
660 4137 800 4221 expensis
832 4136 898 4202 lisoi
921 4137 999 4220 regii
1022 4137 1207 4221 reliquisset,
1242 4140 1275 4202 et
1293 4137 1437 4219 jnstitiaa
1461 4137 1592 4201 admini-

241 4222 424 4289 strationem
447 4225 510 4290 tam
541 4225 575 4290 iu
596 4223 738 4290 civilitas
761 4242 854 4308 quarn
881 4241 949 4290 vero
973 4223 1159 4292 militaribus
1187 4243 1241 4309 pro
1265 4226 1371 4290 eodem
1393 4225 1518 4289 domino
1540 4242 1592 4308 ge·

241 4310 336 4378 uarsli
368 4329 405 4377 ao
435 4311 564 4378 oondnio
598 4317 792 4378 reservasset.
835 4311 871 4376 In
894 4311 1001 4378 eadem
1030 4331 1100 4378 arae
1132 4331 1180 4378 res
1209 4313 1340 4380 mobiles
1373 4313 1465 4396 plane
1489 4313 1589 4379 nullae

240 4401 315 4466 sunt
334 4399 476 4468 inventae
498 4400 552 4467 sed
584 4418 689 4467 omnes
713 4420 767 4485 per
789 4399 936 4467 officiales
959 4401 1033 4466 dieti
1056 4401 1217 4485 praesidii,
1252 4402 1451 4485 hominesque
1475 4420 1590 4476 eornm,

241 4486 374 4563 ablatae,
398 4487 563 4556 distraetus
586 4490 874 4568 etabduotaesunt,
897 4491 994 4555 immo
1017 4507 1073 4556 nso
1096 4493 1199 4571 portas
1216 4509 1269 4556 neo
1292 4490 1592 4558 fenestraeiutaotae

240 4575 470 4656 remansissent,
495 4595 599 4644 verum
623 4596 719 4655 serae,
751 4577 929 4661 reliquaque
952 4577 1124 4644 ierameuta
1146 4597 1217 4644 eum
1239 4597 1361 4644 summo
1383 4579 1495 4644 damno
1520 4585 1592 4646 sunt

240 4663 354 4730 ablata.
381 4663 578 4742 blodemite,
602 4665 745 4731 videlieet
772 4665 820 4730 13.
844 4685 959 4731 meuse
978 4666 1069 4748 junii,
1092 4665 1241 4732 allodium
1265 4667 1412 4732 Kerob
1435 4670 1589 4744 vocatum,

240 4752 423 4838 proximum,
437 4751 538 4818 diotae
559 4753 637 4818 areis
660 4752 764 4839 Oualy,
789 4754 985 4820 confiscatum
1008 4755 1074 4833 est,
1105 4757 1137 4820 et
1159 4755 1192 4819 in
1214 4756 1320 4820 eodem
1342 4755 1455 4821 allodio
1478 4759 1591 4840 raperti

241 4839 418 4924 auntporei
442 4857 485 4906 nr.
514 4839 560 4908 12.
585 4840 656 4908 Alia
677 4861 748 4908 vero
769 4842 918 4909 animalia
941 4861 1037 4926 neque
1059 4861 1108 4910 res
1131 4843 1262 4910 mobiles
1286 4840 1371 4910 ullae
1393 4848 1467 4910 sunt
1490 4844 1595 4912 inven-
