3472 5294
1441 431 1506 498 549

146 612 278 696 quinque
300 610 564 692 vulueraCbristi,
590 633 641 696 per
664 613 774 680 merita
798 611 941 697 deiparae
956 609 1085 696 virginis
1097 610 1295 694 omniumque
1318 611 1505 692 sauctorum,

146 701 289 784 dignetur
313 702 460 766 maiestas
484 704 586 767 vestra
609 720 732 784 parcere
756 703 846 767 unico
881 701 1051 766 iuventutis
1073 718 1159 766 meae
1183 700 1297 764 delicto
1322 703 1353 762 et
1375 699 1506 764 imaturi

144 788 250 878 iudicii
274 790 521 873 transgressioni.
546 790 712 873 Respiciet,
738 790 979 856 clementissime
1002 787 1186 872 imperatori
1211 787 1505 870 suogratiosissimo

146 876 233 942 oculo
253 876 394 943 floridam
417 881 552 944 aetatem
572 897 690 954 meam,
719 897 810 960 quam
833 877 1015 960 imperative
1038 877 1165 961 perdere
1189 876 1295 940 debeo.
1342 875 1505 954 Ponderet,

145 966 385 1031 clementissime
407 966 592 1050 imperator!
617 986 665 1032 me
681 967 887 1031 miserandum
900 966 1024 1030 unicum
1044 963 1179 1030 familiae
1205 981 1291 1027 meae
1304 963 1506 1044 superstitem

147 1053 261 1131 extare,
298 1073 375 1136 quae
398 1056 436 1119 ab
460 1055 554 1133 olim,
591 1054 868 1119 innumerabilibus
900 1055 997 1131 aunis,
1033 1053 1271 1136 augustissimae
1306 1069 1379 1116 suae
1403 1052 1507 1117 domui

147 1142 264 1224 totique
289 1141 511 1208 christianitati
533 1143 775 1208 incontaminata
797 1142 947 1207 fidelitate
971 1141 1309 1222 acdevotionesemper
1328 1139 1506 1216 inservivit3

149 1235 180 1296 et
203 1231 233 1294 iu
260 1234 408 1312 quantum
434 1232 543 1296 merita
564 1232 713 1296 maiorum
737 1249 796 1296 non
820 1230 1045 1296 sufficiantnec
1062 1229 1321 1311 meaporsoualia‚
1341 1227 1434 1293 deum
1458 1229 1506 1292 te·

150 1321 231 1396 sior,
256 1319 435 1384 fidelissime
455 1321 606 1402 praestita
630 1319 754 1384 servitia
779 1318 934 1384 maiestati
958 1320 1078 1382 vestrae
1107 1315 1345 1394 sacratissimae,
1371 1315 1510 1398 perficiat

149 1407 401 1490 incomparabilis
425 1409 458 1471 et
492 1408 603 1491 ubique
625 1411 778 1472 terrarum
814 1407 1031 1489 depraedicata
1053 1405 1216 1470 clementia
1243 1405 1275 1468 et
1297 1403 1509 1469 misericordia

150 1494 323 1559 maiestatis
345 1497 482 1572 vestrae;
507 1496 539 1560 et
560 1514 619 1575 me,
644 1497 706 1560 iam
729 1497 896 1574 mortuum,
920 1495 957 1580 ad
973 1495 1069 1558 uitam
1093 1492 1259 1558 rest'tuere
1284 1491 1509 1575 gratiosissime

149 1583 304 1648 concedat.

255 1669 324 1736 Nou
349 1671 497 1736 abhorreo
530 1673 661 1737 mortem
694 1671 726 1735 iu
749 1674 923 1754 exequendo
945 1669 1090 1735 mandato
1122 1669 1294 1734 maiestatis
1319 1668 1439 1734 vestrae
1461 1685 1511 1733 sa·

151 1759 345 1825 cratissimao
369 1761 401 1826 et
422 1761 621 1824 contestauda
651 1759 837 1825 immutabili
862 1760 1022 1826 devotione
1047 1775 1116 1822 mea
1139 1776 1214 1841 erga
1248 1775 1351 1822 meum
1373 1757 1510 1821 clemen-

150 1849 305 1914 tissimum
331 1847 504 1924 dominum;
542 1866 662 1928 semper
684 1849 764 1911 euim
786 1852 913 1930 paratus
946 1866 1044 1912 essem
1067 1847 1105 1911 ad
1137 1847 1301 1910 minimum
1337 1844 1510 1909 maiestatis

150 1938 269 2000 vestrae
293 1939 404 2001 sacrat.
431 1939 538 2000 nutum
564 1935 709 2000 ultimum
732 1937 839 2018 getam
863 1936 1022 2020 sauguinis
1041 1935 1103 1999 mei
1126 1933 1317 2016 profundere.
1351 1931 1420 2005 Sed,
1443 1932 1506 1996 cle-

152 2023 345 2089 mentissime
366 2025 551 2107 imperator!
575 2022 776 2088 contremisco
798 2025 831 2088 in
853 2025 918 2088 sola
935 2023 1194 2104 contemplatione
1219 2019 1506 2104 ignominiosissimi

152 2113 302 2177 transitus
328 2131 364 2176 ex
384 2114 442 2177 bac
454 2113 519 2176 vita
543 2131 594 2194 per
618 2131 727 2187 manus
758 2111 871 2178 sicarii.
918 2112 1004 2176 llbeu
1037 2129 1085 2175 rue
1109 2109 1257 2175 miserum
1281 2109 1312 2173 et
1334 2109 1506 2184 infelicem;

149 2202 267 2265 utinam
291 2220 447 2283 nunquam
471 2204 561 2266 uatus
585 2200 634 2264 vel
656 2200 718 2264 iam
743 2203 814 2264 aute
837 2219 853 2265 e
876 2199 954 2265 vivis
977 2199 1096 2264 deletus
1119 2194 1264 2262 fuissem!

256 2287 503 2354 clementissime
534 2289 715 2372 irnperator!
753 2288 878 2353 Carolus
913 2287 966 2352 ille
1002 2305 1131 2370 magnus
1166 2287 1198 2349 iu
1221 2283 1501 2368 comprobationem

152 2395 225 2442 suae
251 2379 424 2441 immensae
456 2376 602 2442 bonitatis
627 2379 658 2441 et
681 2376 907 2442 misericordiae
936 2375 1105 2440 exclamare
1136 2373 1276 2447 solebam
1306 2371 1438 2455 „vellem
1474 2373 1506 2436 et

152 2468 289 2530 mortuos
313 2465 350 2530 ad
380 2467 476 2531 vitam
500 2473 653 2530 evocare.“
700 2464 765 2529 Nou
791 2465 888 2529 minor
911 2465 942 2528 iu
967 2464 1130 2529 maiestate
1157 2466 1259 2527 vestra
1292 2460 1505 2525 sacratissima

152 2554 274 2638 cognita
289 2555 319 2618 et
335 2555 493 2636 comperta
517 2572 644 2635 semper,
659 2552 719 2618 fuit
735 2553 909 2618 elementia.
932 2553 1033 2630 Nunc,
1056 2550 1297 2616 clementissime
1319 2549 1507 2628 imperator!

151 2644 290 2707 exerceat
323 2643 577 2726 gloriosissimam
611 2641 901 2722 magnanimitatem
925 2659 1012 2705 suam
1035 2639 1068 2703 in
1099 2639 1308 2703 resuscitando
1331 2638 1504 2702 miserrime

152 2731 298 2814 perituro.
330 2730 507 2814 Agnoscam
531 2731 626 2794 vitam
649 2734 680 2795 et
703 2747 770 2793 esse
793 2747 898 2794 meum
921 2729 1060 2793 totaliter
1084 2727 1188 2792 debita
1210 2727 1281 2809 post
1301 2724 1393 2789 deum
1417 2725 1510 2789 mise·

152 2818 301 2883 ricordiae
326 2820 500 2883 maiestatis
523 2822 660 2893 vestram
685 2818 876 2882 sacrosancte
900 2819 1040 2898 spondeo,
1065 2833 1120 2880 nec
1142 2815 1173 2879 in
1196 2816 1344 2897 posterun
1367 2811 1512 2878 mibised

152 2907 310 2972 maiestati
332 2909 453 2972 vestrae
477 2906 577 2970 vivam
602 2906 809 2970 devotissime.
833 2905 957 2982 Gratia,
982 2905 1091 2987 pietas,
1126 2900 1344 2980 misericordia,
1377 2900 1512 2965 clemen·
1599 2955 1604 2966 .

122 3052 129 3066 ,
153 2995 275 3060 tissime
299 2996 483 3078 imperator!
508 2995 576 3059 Hac
598 2994 697 3059 solum
721 2994 796 3070 vice,
821 3012 873 3076 per
896 2993 1138 3058 sacratissimam
1162 2990 1337 3055 trinitatem
1361 2989 1511 3068 obtestor,

153 3085 291 3148 trauseat
312 3102 330 3147 a
352 3103 401 3148 me
424 3084 504 3148 calix
527 3083 604 3158 iste;
629 3081 819 3164 impossibile
841 3081 924 3146 euim
948 3083 1004 3159 est,
1029 3083 1065 3145 ut
1088 3079 1188 3164 spatio
1212 3078 1331 3161 aliquot
1352 3077 1509 3156 horarum,

154 3172 270 3238 viribus
283 3173 315 3236 et
326 3173 437 3254 spiritu
451 3170 627 3246 derelictus,
651 3171 772 3235 animae
795 3168 887 3234 saluti
913 3169 952 3233 ad
977 3167 1183 3234 sufficientem
1208 3166 1365 3249 providere
1377 3165 1510 3230 valeam.

258 3259 505 3325 (dementissime
537 3259 720 3340 imperator!
753 3259 902 3341 suscipiat
932 3257 1050 3322 flebiles
1085 3255 1314 3340 deprecationes
1346 3271 1448 3330 meas,
1480 3254 1513 3318 et

153 3349 284 3432 gratiam
308 3349 389 3413 vitae
413 3348 442 3412 in
468 3347 708 3433 qualemcunque
721 3346 815 3410 aliam
840 3365 967 3429 poenam
992 3364 1044 3426 pro
1065 3343 1159 3409 libitu
1184 3341 1404 3426 benignissime
1426 3358 1510 3406 com-

153 3439 273 3502 mutare
297 3437 450 3520 dignetur.

257 3525 389 3602 Vellem,
414 3523 653 3590 clementissime
676 3522 862 3606 imperator!
887 3521 974 3605 plura
996 3520 1186 3605 perscribere
1210 3520 1241 3583 et
1265 3516 1509 3582 misericordiam

151 3613 333 3696 implorare;
369 3615 419 3678 ast
442 3631 515 3696 prae
538 3611 721 3678 lassitudine
748 3613 842 3677 miser
874 3629 989 3694 nequeo
1043 3609 1149 3684 rini03
1184 3625 1220 3672 ac
1244 3608 1340 3671 vitam
1364 3609 1396 3670 et
1417 3606 1510 3670 finem
1565 3675 1572 3687 „
1712 3689 1715 3698 1

153 3701 235 3766 vitae
260 3719 345 3766 meae
370 3701 541 3766 maiestatis
564 3701 686 3765 vestrae
709 3718 788 3764 sacr.
815 3699 997 3764 clementiae
1020 3699 1052 3762 et
1074 3696 1181 3780 pietati
1203 3694 1353 3759 submitto
1373 3695 1406 3758 et
1428 3710 1512 3758 com-

153 3791 252 3866 mitto,
287 3790 411 3870 cupiens
440 3790 542 3854 vivere
565 3789 597 3853 et
628 3787 706 3854 mori
738 3787 912 3853 maiestatis
935 3788 1054 3852 vestrae
1078 3803 1157 3849 sacr.
1182 3783 1377 3848 humillimus
1401 3800 1510 3849 servus

152 3879 183 3943 et
202 3877 403 3942 fidelissimus
427 3877 581 3954 subditus,
606 3877 715 3941 umbra
739 3877 854 3952 mortis,
880 3875 1061 3940 Franciscus
1085 3871 1288 3955 Frangepaui.

195 3993 198 3998 ·
258 3966 292 4030 P.
312 3965 342 4030 S.
365 3965 422 4030 Die
446 3966 555 4030 martis
580 3964 654 4029 hora
678 3967 764 4029 serta
787 3964 901 4028 noctis:
925 3963 958 4026 iu
982 3963 1167 4044 potestatem
1191 3957 1297 4024 iudicii
1320 3957 1514 4024 civitatensis

152 4055 242 4118 hodie
264 4054 462 4137 consignatus
479 4073 547 4118 sum
570 4053 602 4118 et
624 4071 680 4135 pro
692 4053 740 4116 die
752 4053 829 4118 iovis
853 4051 988 4133 proximo
1011 4052 1051 4115 ad
1075 4052 1207 4114 mortem
1232 4047 1429 4130 migraturus,
1452 4046 1513 4112 uisi

154 4144 227 4206 deus
257 4143 289 4206 et
311 4143 411 4224 gratia
439 4142 610 4206 maiestatis
640 4143 759 4206 vestrae
790 4159 866 4204 sacr.
898 4139 946 4203 bis
977 4137 1199 4221 superresiduis
1229 4136 1314 4201 horis
1342 4153 1391 4200 me
1423 4137 1511 4203 rede·

153 4231 256 4295 merit.
280 4228 439 4294 Neostadii
463 4229 505 4293 28
528 4228 644 4312 aprilis,
668 4229 742 4293 hora
769 4229 802 4291 ll
831 4229 929 4292 noctis
956 4226 1048 4290 1671.

258 4321 378 4394 Priepa’e
400 4339 421 4380 a
445 4319 588 4395 trpitaici
604 4320 751 4395 popualus.
777 4319 942 4392 clodomire
966 4336 986 4378 u
1009 4317 1151 4392 Zcpreba.

787 4508 877 4593 620.

155 4639 284 4716 167011.
315 4635 490 4697 UBettom
519 4653 622 4695 aevom
644 4637 759 4709 maere.
800 4634 992 4696 Vluetorobae
1023 4635 1143 4708 dilectae
1166 4633 1258 4694 Petro
1292 4632 1457 4710 Zrirvslcope
1479 4650 1517 4695 aa

394 4727 518 4798 ojepoou
541 4721 735 4802 tamaocaaja
757 4725 860 4794 oseti,
883 4725 979 4798 soop'r'lv
1000 4723 1091 4798 djetilr
1111 4725 1124 4782 i
1144 4723 1275 4782 scabini.

264 4847 304 4913 Se
331 4846 415 4913 1000
436 4845 559 4930 vejuilva
588 4844 718 4927 potulvao
742 4864 762 4910 u
786 4843 997 4928 MedJumurju
1021 4842 1267 4922 auocauere,
1302 4843 1338 4908 od
1362 4841 1447 4926 lrojih
1471 4841 1514 4907 80
