<?xml version="1.0" encoding="UTF-8"?>
<!DOCTYPE html PUBLIC "-//W3C//DTD XHTML 1.0 Transitional//EN"
    "http://www.w3.org/TR/xhtml1/DTD/xhtml1-transitional.dtd">
<html xmlns="http://www.w3.org/1999/xhtml" xml:lang="en" lang="en">
 <head>
  <title>
</title>
<meta http-equiv="Content-Type" content="text/html;charset=utf-8" />
  <meta name='ocr-system' content='tesseract 3.04.00' />
  <meta name='ocr-capabilities' content='ocr_page ocr_carea ocr_par ocr_line ocrx_word'/>
</head>
<body>
  <div class='ocr_page' id='page_1' title='image "./actaconiuration00umjegoog_0597.png"; bbox 0 0 3472 5294; ppageno 0'>
   <div class='ocr_carea' id='block_1_1' title="bbox 1475 402 1538 469">
    <p class='ocr_par' dir='ltr' id='par_1_1' title="bbox 1475 402 1538 469">
     <span class='ocr_line' id='line_1_1' title="bbox 1475 402 1538 469; baseline 0 -1"><span class='ocrx_word' id='word_1_1' title='bbox 1475 402 1538 469; x_wconf 88' lang='lat'><strong>581</strong></span> 
     </span>
    </p>
   </div>
   <div class='ocr_carea' id='block_1_2' title="bbox 90 572 1583 4881">
    <p class='ocr_par' dir='ltr' id='par_1_2' title="bbox 141 572 1582 2244">
     <span class='ocr_line' id='line_1_2' title="bbox 180 572 1543 660; baseline 0.006 -22"><span class='ocrx_word' id='word_1_2' title='bbox 180 572 360 641; x_wconf 87' lang='lat' dir='ltr'><strong>oomiseioue</strong></span> <span class='ocrx_word' id='word_1_3' title='bbox 383 575 498 642; x_wconf 91' lang='lat' dir='ltr'><strong>domini</strong></span> <span class='ocrx_word' id='word_1_4' title='bbox 521 575 674 660; x_wconf 82' lang='lat' dir='ltr'><strong>generalis</strong></span> <span class='ocrx_word' id='word_1_5' title='bbox 697 573 964 642; x_wconf 83' lang='lat' dir='ltr'><strong>carolostadlensio</strong></span> <span class='ocrx_word' id='word_1_6' title='bbox 987 575 1027 641; x_wconf 92' lang='lat' dir='ltr'><strong>ad</strong></span> <span class='ocrx_word' id='word_1_7' title='bbox 1050 577 1248 643; x_wconf 81' lang='lat' dir='ltr'><strong>confiscanda</strong></span> <span class='ocrx_word' id='word_1_8' title='bbox 1271 576 1350 643; x_wconf 92' lang='lat' dir='ltr'><strong>bona</strong></span> <span class='ocrx_word' id='word_1_9' title='bbox 1374 579 1543 646; x_wconf 87' lang='lat' dir='ltr'><strong>oomitis</strong></span> 
     </span>
     <span class='ocr_line' id='line_1_3' title="bbox 180 662 1542 752; baseline 0.006 -26"><span class='ocrx_word' id='word_1_10' title='bbox 180 662 371 728; x_wconf 78' lang='lat' dir='ltr'><strong>Francisi</strong></span> <span class='ocrx_word' id='word_1_11' title='bbox 403 681 421 728; x_wconf 90' lang='lat' dir='ltr'><strong>a</strong></span> <span class='ocrx_word' id='word_1_12' title='bbox 451 663 599 730; x_wconf 85' lang='lat' dir='ltr'><strong>Tersaz</strong></span> <span class='ocrx_word' id='word_1_13' title='bbox 631 663 830 731; x_wconf 87' lang='lat' dir='ltr'><strong>Snveehai</strong></span> <span class='ocrx_word' id='word_1_14' title='bbox 859 665 891 729; x_wconf 93' lang='lat' dir='ltr'><strong>et</strong></span> <span class='ocrx_word' id='word_1_15' title='bbox 924 664 1158 748; x_wconf 82' lang='lat' dir='ltr'><strong>Novigrad,</strong></span> <span class='ocrx_word' id='word_1_16' title='bbox 1193 666 1296 749; x_wconf 91' lang='lat' dir='ltr'><strong>prouti</strong></span> <span class='ocrx_word' id='word_1_17' title='bbox 1331 667 1394 731; x_wconf 90' lang='lat' dir='ltr'><strong>alia</strong></span> <span class='ocrx_word' id='word_1_18' title='bbox 1423 686 1542 752; x_wconf 88' lang='lat' dir='ltr'><strong>quoquo</strong></span> 
     </span>
     <span class='ocr_line' id='line_1_4' title="bbox 182 748 1542 836; baseline 0.006 -23"><span class='ocrx_word' id='word_1_19' title='bbox 182 750 261 816; x_wconf 88' lang='lat' dir='ltr'><strong>bona</strong></span> <span class='ocrx_word' id='word_1_20' title='bbox 285 748 407 816; x_wconf 84' lang='lat' dir='ltr'><strong>eomitis&#39;</strong></span> <span class='ocrx_word' id='word_1_21' title='bbox 432 749 547 817; x_wconf 87' lang='lat' dir='ltr'><strong>Petri</strong></span> <span class='ocrx_word' id='word_1_22' title='bbox 581 771 599 818; x_wconf 93' lang='lat' dir='ltr'><strong>a</strong></span> <span class='ocrx_word' id='word_1_23' title='bbox 629 753 722 817; x_wconf 88' lang='lat' dir='ltr'><strong>Zrin</strong></span> <span class='ocrx_word' id='word_1_24' title='bbox 751 753 956 819; x_wconf 81' lang='lat' dir='ltr'><strong>Savaruha</strong></span> <span class='ocrx_word' id='word_1_25' title='bbox 984 754 1101 832; x_wconf 80' lang='lat' dir='ltr'><strong>vocata,</strong></span> <span class='ocrx_word' id='word_1_26' title='bbox 1129 772 1209 836; x_wconf 89' lang='lat' dir='ltr'><strong>qnae</strong></span> <span class='ocrx_word' id='word_1_27' title='bbox 1233 755 1313 819; x_wconf 90' lang='lat' dir='ltr'><strong>bona</strong></span> <span class='ocrx_word' id='word_1_28' title='bbox 1337 754 1418 820; x_wconf 91' lang='lat' dir='ltr'><strong>idom</strong></span> <span class='ocrx_word' id='word_1_29' title='bbox 1442 755 1542 821; x_wconf 92' lang='lat' dir='ltr'><strong>domi·</strong></span> 
     </span>
     <span class='ocr_line' id='line_1_5' title="bbox 182 839 1543 926; baseline 0.004 -23"><span class='ocrx_word' id='word_1_30' title='bbox 182 857 240 903; x_wconf 91' lang='lat' dir='ltr'><strong>nus</strong></span> <span class='ocrx_word' id='word_1_31' title='bbox 263 839 415 925; x_wconf 86' lang='lat' dir='ltr'><strong>generalis</strong></span> <span class='ocrx_word' id='word_1_32' title='bbox 438 858 457 904; x_wconf 92' lang='lat' dir='ltr'><strong>a</strong></span> <span class='ocrx_word' id='word_1_33' title='bbox 479 859 573 925; x_wconf 83' lang='lat' dir='ltr'><strong>regno</strong></span> <span class='ocrx_word' id='word_1_34' title='bbox 596 840 727 906; x_wconf 83' lang='lat' dir='ltr'><strong>avellere</strong></span> <span class='ocrx_word' id='word_1_35' title='bbox 749 844 781 907; x_wconf 88' lang='lat' dir='ltr'><strong>et</strong></span> <span class='ocrx_word' id='word_1_36' title='bbox 805 841 933 906; x_wconf 80' lang='lat' dir='ltr'><strong>confinio</strong></span> <span class='ocrx_word' id='word_1_37' title='bbox 970 841 1225 907; x_wconf 80' lang='lat' dir='ltr'><strong>carolostadiensi</strong></span> <span class='ocrx_word' id='word_1_38' title='bbox 1249 842 1405 926; x_wconf 87' lang='lat' dir='ltr'><strong>applicare</strong></span> <span class='ocrx_word' id='word_1_39' title='bbox 1429 843 1543 908; x_wconf 89' lang='lat' dir='ltr'><strong>nitere·</strong></span> 
     </span>
     <span class='ocr_line' id='line_1_6' title="bbox 178 927 1541 1015; baseline 0.006 -26"><span class='ocrx_word' id='word_1_40' title='bbox 178 927 240 1003; x_wconf 92' lang='lat' dir='ltr'><strong>tur,</strong></span> <span class='ocrx_word' id='word_1_41' title='bbox 264 945 422 992; x_wconf 78' lang='lat' dir='ltr'><strong>aceessum</strong></span> <span class='ocrx_word' id='word_1_42' title='bbox 446 929 532 994; x_wconf 91' lang='lat' dir='ltr'><strong>uobis</strong></span> <span class='ocrx_word' id='word_1_43' title='bbox 555 929 752 1008; x_wconf 79' lang='lat' dir='ltr'><strong>inhibuisset,</strong></span> <span class='ocrx_word' id='word_1_44' title='bbox 767 946 821 994; x_wconf 89' lang='lat' dir='ltr'><strong>nos</strong></span> <span class='ocrx_word' id='word_1_45' title='bbox 846 928 1048 999; x_wconf 90' lang='lat' dir='ltr'><strong>nihilominus</strong></span> <span class='ocrx_word' id='word_1_46' title='bbox 1075 928 1124 993; x_wconf 91' lang='lat' dir='ltr'><strong>die</strong></span> <span class='ocrx_word' id='word_1_47' title='bbox 1147 931 1177 994; x_wconf 88' lang='lat'><strong>4.</strong></span> <span class='ocrx_word' id='word_1_48' title='bbox 1203 931 1351 996; x_wconf 82' lang='lat' dir='ltr'><strong>mensis</strong></span> <span class='ocrx_word' id='word_1_49' title='bbox 1372 930 1477 1015; x_wconf 87' lang='lat' dir='ltr'><strong>julii</strong></span> <span class='ocrx_word' id='word_1_50' title='bbox 1501 931 1541 997; x_wconf 91' lang='lat' dir='ltr'><strong>ad</strong></span> 
     </span>
     <span class='ocr_line' id='line_1_7' title="bbox 181 1015 1541 1102; baseline 0.005 -24"><span class='ocrx_word' id='word_1_51' title='bbox 181 1015 429 1080; x_wconf 79' lang='lat' dir='ltr'><strong>confiscationem</strong></span> <span class='ocrx_word' id='word_1_52' title='bbox 454 1016 592 1100; x_wconf 90' lang='lat' dir='ltr'><strong>ejusdem</strong></span> <span class='ocrx_word' id='word_1_53' title='bbox 613 1017 736 1088; x_wconf 79' lang='lat' dir='ltr'><strong>castelli</strong></span> <span class='ocrx_word' id='word_1_54' title='bbox 760 1016 959 1083; x_wconf 83' lang='lat' dir='ltr'><strong>Saveohai</strong></span> <span class='ocrx_word' id='word_1_55' title='bbox 983 1017 1186 1098; x_wconf 68' lang='lat' dir='ltr'><strong>pervenimus</strong></span> <span class='ocrx_word' id='word_1_56' title='bbox 1211 1018 1248 1082; x_wconf 89' lang='lat' dir='ltr'><strong>ad</strong></span> <span class='ocrx_word' id='word_1_57' title='bbox 1272 1018 1352 1102; x_wconf 89' lang='lat' dir='ltr'><strong>quod</strong></span> <span class='ocrx_word' id='word_1_58' title='bbox 1376 1019 1541 1085; x_wconf 83' lang='lat' dir='ltr'><strong>castellum</strong></span> 
     </span>
     <span class='ocr_line' id='line_1_8' title="bbox 182 1104 1544 1190; baseline 0.004 -23"><span class='ocrx_word' id='word_1_59' title='bbox 182 1121 236 1183; x_wconf 89' lang='lat' dir='ltr'><strong>per</strong></span> <span class='ocrx_word' id='word_1_60' title='bbox 259 1104 453 1169; x_wconf 88' lang='lat' dir='ltr'><strong>confiniarios</strong></span> <span class='ocrx_word' id='word_1_61' title='bbox 477 1105 765 1185; x_wconf 88' lang='lat' dir='ltr'><strong>carolostadienses,</strong></span> <span class='ocrx_word' id='word_1_62' title='bbox 797 1105 911 1170; x_wconf 82' lang='lat' dir='ltr'><strong>ibidem</strong></span> <span class='ocrx_word' id='word_1_63' title='bbox 936 1105 1078 1170; x_wconf 82' lang='lat' dir='ltr'><strong>excubias</strong></span> <span class='ocrx_word' id='word_1_64' title='bbox 1106 1107 1251 1190; x_wconf 86' lang='lat' dir='ltr'><strong>agentes,</strong></span> <span class='ocrx_word' id='word_1_65' title='bbox 1284 1124 1343 1170; x_wconf 93' lang='lat' dir='ltr'><strong>nou</strong></span> <span class='ocrx_word' id='word_1_66' title='bbox 1367 1125 1473 1172; x_wconf 90' lang='lat' dir='ltr'><strong>sumus</strong></span> <span class='ocrx_word' id='word_1_67' title='bbox 1496 1105 1544 1172; x_wconf 91' lang='lat' dir='ltr'><strong>iu·</strong></span> 
     </span>
     <span class='ocr_line' id='line_1_9' title="bbox 180 1190 1543 1279; baseline 0.004 -25"><span class='ocrx_word' id='word_1_68' title='bbox 180 1190 326 1268; x_wconf 86' lang='lat' dir='ltr'><strong>tromisai,</strong></span> <span class='ocrx_word' id='word_1_69' title='bbox 350 1190 433 1256; x_wconf 91' lang='lat' dir='ltr'><strong>idem</strong></span> <span class='ocrx_word' id='word_1_70' title='bbox 456 1194 564 1257; x_wconf 89' lang='lat' dir='ltr'><strong>tamen</strong></span> <span class='ocrx_word' id='word_1_71' title='bbox 588 1192 752 1258; x_wconf 84' lang='lat' dir='ltr'><strong>castellum</strong></span> <span class='ocrx_word' id='word_1_72' title='bbox 776 1212 841 1276; x_wconf 89' lang='lat' dir='ltr'><strong>noa,</strong></span> <span class='ocrx_word' id='word_1_73' title='bbox 865 1194 936 1259; x_wconf 90' lang='lat' dir='ltr'><strong>ante</strong></span> <span class='ocrx_word' id='word_1_74' title='bbox 968 1193 1067 1275; x_wconf 80' lang='lat' dir='ltr'><strong>ipsam</strong></span> <span class='ocrx_word' id='word_1_75' title='bbox 1090 1196 1212 1276; x_wconf 88' lang='lat' dir='ltr'><strong>portam</strong></span> <span class='ocrx_word' id='word_1_76' title='bbox 1245 1193 1429 1274; x_wconf 72' lang='lat' dir='ltr'><strong>existentes,</strong></span> <span class='ocrx_word' id='word_1_77' title='bbox 1455 1213 1543 1279; x_wconf 90' lang='lat' dir='ltr'><strong>prae·</strong></span> 
     </span>
     <span class='ocr_line' id='line_1_10' title="bbox 141 1279 1538 1365; baseline 0.003 -21"><span class='ocrx_word' id='word_1_78' title='bbox 141 1339 143 1344; x_wconf 88' lang='grc'>,</span> <span class='ocrx_word' id='word_1_79' title='bbox 182 1281 267 1343; x_wconf 89' lang='lat' dir='ltr'><strong>sente</strong></span> <span class='ocrx_word' id='word_1_80' title='bbox 300 1281 470 1344; x_wconf 88' lang='lat' dir='ltr'><strong>memorato</strong></span> <span class='ocrx_word' id='word_1_81' title='bbox 506 1279 706 1363; x_wconf 89' lang='lat' dir='ltr'><strong>vieejudlium</strong></span> <span class='ocrx_word' id='word_1_82' title='bbox 742 1301 813 1346; x_wconf 89' lang='lat' dir='ltr'><strong>oum</strong></span> <span class='ocrx_word' id='word_1_83' title='bbox 843 1281 995 1346; x_wconf 87' lang='lat' dir='ltr'><strong>universis</strong></span> <span class='ocrx_word' id='word_1_84' title='bbox 1038 1281 1102 1345; x_wconf 88' lang='lat' dir='ltr'><strong>suis</strong></span> <span class='ocrx_word' id='word_1_85' title='bbox 1135 1281 1330 1364; x_wconf 83' lang='lat' dir='ltr'><strong>pertinentiis</strong></span> <span class='ocrx_word' id='word_1_86' title='bbox 1363 1300 1417 1365; x_wconf 91' lang='lat' dir='ltr'><strong>pro</strong></span> <span class='ocrx_word' id='word_1_87' title='bbox 1452 1285 1538 1364; x_wconf 87' lang='lat' dir='ltr'><strong>parta</strong></span> 
     </span>
     <span class='ocr_line' id='line_1_11' title="bbox 181 1366 1543 1453; baseline 0.004 -23"><span class='ocrx_word' id='word_1_88' title='bbox 181 1366 247 1431; x_wconf 88' lang='lat' dir='ltr'><strong>fisoi</strong></span> <span class='ocrx_word' id='word_1_89' title='bbox 270 1368 348 1450; x_wconf 77' lang='lat' dir='ltr'><strong>regii</strong></span> <span class='ocrx_word' id='word_1_90' title='bbox 363 1367 608 1446; x_wconf 88' lang='lat' dir='ltr'><strong>ooufisoavimus,</strong></span> <span class='ocrx_word' id='word_1_91' title='bbox 627 1370 797 1453; x_wconf 89' lang='lat' dir='ltr'><strong>praemissa</strong></span> <span class='ocrx_word' id='word_1_92' title='bbox 820 1369 939 1434; x_wconf 87' lang='lat' dir='ltr'><strong>solenni</strong></span> <span class='ocrx_word' id='word_1_93' title='bbox 968 1369 1186 1450; x_wconf 81' lang='lat' dir='ltr'><strong>protestatione</strong></span> <span class='ocrx_word' id='word_1_94' title='bbox 1202 1387 1293 1453; x_wconf 88' lang='lat' dir='ltr'><strong>super</strong></span> <span class='ocrx_word' id='word_1_95' title='bbox 1309 1389 1369 1435; x_wconf 93' lang='lat' dir='ltr'><strong>non</strong></span> <span class='ocrx_word' id='word_1_96' title='bbox 1385 1369 1543 1436; x_wconf 91' lang='lat' dir='ltr'><strong>intromis-</strong></span> 
     </span>
     <span class='ocr_line' id='line_1_12' title="bbox 182 1455 1543 1541; baseline 0.004 -23"><span class='ocrx_word' id='word_1_97' title='bbox 182 1455 267 1520; x_wconf 87' lang='lat' dir='ltr'><strong>sione</strong></span> <span class='ocrx_word' id='word_1_98' title='bbox 291 1455 324 1518; x_wconf 93' lang='lat' dir='ltr'><strong>in</strong></span> <span class='ocrx_word' id='word_1_99' title='bbox 345 1457 426 1520; x_wconf 92' lang='lat' dir='ltr'><strong>idem</strong></span> <span class='ocrx_word' id='word_1_100' title='bbox 448 1456 613 1522; x_wconf 85' lang='lat' dir='ltr'><strong>castellum</strong></span> <span class='ocrx_word' id='word_1_101' title='bbox 638 1458 897 1522; x_wconf 90' lang='lat' dir='ltr'><strong>mandatariorum</strong></span> <span class='ocrx_word' id='word_1_102' title='bbox 929 1456 1099 1533; x_wconf 84' lang='lat' dir='ltr'><strong>fiscalium,</strong></span> <span class='ocrx_word' id='word_1_103' title='bbox 1130 1457 1354 1541; x_wconf 88' lang='lat' dir='ltr'><strong>reservatisque</strong></span> <span class='ocrx_word' id='word_1_104' title='bbox 1385 1458 1543 1525; x_wconf 86' lang='lat' dir='ltr'><strong>fiscalibus</strong></span> 
     </span>
     <span class='ocr_line' id='line_1_13' title="bbox 183 1543 1542 1628; baseline 0.004 -22"><span class='ocrx_word' id='word_1_105' title='bbox 183 1543 325 1608; x_wconf 89' lang='lat' dir='ltr'><strong>oautellis</strong></span> <span class='ocrx_word' id='word_1_106' title='bbox 341 1545 448 1609; x_wconf 85' lang='lat' dir='ltr'><strong>eontra</strong></span> <span class='ocrx_word' id='word_1_107' title='bbox 470 1544 623 1628; x_wconf 88' lang='lat' dir='ltr'><strong>ejusmodi</strong></span> <span class='ocrx_word' id='word_1_108' title='bbox 645 1545 840 1627; x_wconf 81' lang='lat' dir='ltr'><strong>impetitores</strong></span> <span class='ocrx_word' id='word_1_109' title='bbox 863 1543 1089 1609; x_wconf 81' lang='lat' dir='ltr'><strong>confiscationis</strong></span> <span class='ocrx_word' id='word_1_110' title='bbox 1112 1543 1221 1609; x_wconf 91' lang='lat' dir='ltr'><strong>talium</strong></span> <span class='ocrx_word' id='word_1_111' title='bbox 1239 1545 1384 1610; x_wconf 90' lang='lat' dir='ltr'><strong>bonomm</strong></span> <span class='ocrx_word' id='word_1_112' title='bbox 1401 1545 1542 1612; x_wconf 87' lang='lat' dir='ltr'><strong>infisoum</strong></span> 
     </span>
     <span class='ocr_line' id='line_1_14' title="bbox 180 1630 1541 1716; baseline 0.004 -22"><span class='ocrx_word' id='word_1_113' title='bbox 180 1630 301 1713; x_wconf 86' lang='lat' dir='ltr'><strong>regium</strong></span> <span class='ocrx_word' id='word_1_114' title='bbox 318 1632 539 1712; x_wconf 89' lang='lat' dir='ltr'><strong>devolutornm,</strong></span> <span class='ocrx_word' id='word_1_115' title='bbox 553 1651 608 1698; x_wconf 81' lang='lat' dir='ltr'><strong>suo</strong></span> <span class='ocrx_word' id='word_1_116' title='bbox 621 1633 687 1698; x_wconf 89' lang='lat' dir='ltr'><strong>looo</strong></span> <span class='ocrx_word' id='word_1_117' title='bbox 701 1635 733 1698; x_wconf 87' lang='lat' dir='ltr'><strong>et</strong></span> <span class='ocrx_word' id='word_1_118' title='bbox 745 1637 880 1716; x_wconf 91' lang='lat' dir='ltr'><strong>temporo</strong></span> <span class='ocrx_word' id='word_1_119' title='bbox 892 1633 1002 1716; x_wconf 83' lang='lat' dir='ltr'><strong>agendi</strong></span> <span class='ocrx_word' id='word_1_120' title='bbox 1020 1634 1051 1696; x_wconf 87' lang='lat' dir='ltr'><strong>et</strong></span> <span class='ocrx_word' id='word_1_121' title='bbox 1067 1633 1256 1715; x_wconf 82' lang='lat' dir='ltr'><strong>procedendi.</strong></span> <span class='ocrx_word' id='word_1_122' title='bbox 1274 1632 1324 1697; x_wconf 83' lang='lat' dir='ltr'><strong>Ad</strong></span> <span class='ocrx_word' id='word_1_123' title='bbox 1340 1635 1420 1698; x_wconf 89' lang='lat' dir='ltr'><strong>idem</strong></span> <span class='ocrx_word' id='word_1_124' title='bbox 1430 1635 1541 1700; x_wconf 83' lang='lat' dir='ltr'><strong>castel-</strong></span> 
     </span>
     <span class='ocr_line' id='line_1_15' title="bbox 184 1717 1540 1804; baseline 0.004 -22"><span class='ocrx_word' id='word_1_125' title='bbox 184 1717 249 1783; x_wconf 92' lang='lat' dir='ltr'><strong>lum</strong></span> <span class='ocrx_word' id='word_1_126' title='bbox 271 1722 304 1782; x_wconf 92' lang='lat' dir='ltr'><strong>et</strong></span> <span class='ocrx_word' id='word_1_127' title='bbox 335 1721 413 1785; x_wconf 92' lang='lat' dir='ltr'><strong>bona</strong></span> <span class='ocrx_word' id='word_1_128' title='bbox 445 1720 645 1786; x_wconf 86' lang='lat' dir='ltr'><strong>Szveohai</strong></span> <span class='ocrx_word' id='word_1_129' title='bbox 674 1723 794 1786; x_wconf 84' lang='lat' dir='ltr'><strong>exstant</strong></span> <span class='ocrx_word' id='word_1_130' title='bbox 817 1720 960 1786; x_wconf 91' lang='lat' dir='ltr'><strong>ooloninr.</strong></span> <span class='ocrx_word' id='word_1_131' title='bbox 986 1719 1058 1797; x_wconf 87' lang='lat'>118,</span> <span class='ocrx_word' id='word_1_132' title='bbox 1075 1721 1241 1804; x_wconf 90' lang='lat' dir='ltr'><strong>separatim</strong></span> <span class='ocrx_word' id='word_1_133' title='bbox 1259 1739 1329 1786; x_wconf 90' lang='lat' dir='ltr'><strong>vero</strong></span> <span class='ocrx_word' id='word_1_134' title='bbox 1344 1721 1480 1787; x_wconf 89' lang='lat' dir='ltr'><strong>libertini</strong></span> <span class='ocrx_word' id='word_1_135' title='bbox 1495 1743 1540 1788; x_wconf 92' lang='lat' dir='ltr'><strong>ur.</strong></span> 
     </span>
     <span class='ocr_line' id='line_1_16' title="bbox 187 1807 1582 1893; baseline 0.004 -24"><span class='ocrx_word' id='word_1_136' title='bbox 187 1809 234 1872; x_wconf 90' lang='grc'>10.</span> <span class='ocrx_word' id='word_1_137' title='bbox 273 1807 334 1872; x_wconf 87' lang='lat' dir='ltr'><strong>Res</strong></span> <span class='ocrx_word' id='word_1_138' title='bbox 358 1808 487 1873; x_wconf 88' lang='lat' dir='ltr'><strong>mobiles</strong></span> <span class='ocrx_word' id='word_1_139' title='bbox 503 1827 608 1874; x_wconf 88' lang='lat' dir='ltr'><strong>ornnes</strong></span> <span class='ocrx_word' id='word_1_140' title='bbox 628 1812 700 1873; x_wconf 89' lang='lat' dir='ltr'><strong>sunt</strong></span> <span class='ocrx_word' id='word_1_141' title='bbox 715 1809 836 1874; x_wconf 86' lang='lat' dir='ltr'><strong>ablatae</strong></span> <span class='ocrx_word' id='word_1_142' title='bbox 859 1809 893 1872; x_wconf 92' lang='lat' dir='ltr'><strong>et</strong></span> <span class='ocrx_word' id='word_1_143' title='bbox 913 1807 1090 1886; x_wconf 83' lang='lat' dir='ltr'><strong>distractae,</strong></span> <span class='ocrx_word' id='word_1_144' title='bbox 1105 1810 1226 1891; x_wconf 90' lang='lat' dir='ltr'><strong>praetor</strong></span> <span class='ocrx_word' id='word_1_145' title='bbox 1242 1808 1388 1874; x_wconf 88' lang='lat' dir='ltr'><strong>frumenti</strong></span> <span class='ocrx_word' id='word_1_146' title='bbox 1403 1809 1539 1893; x_wconf 84' lang='lat' dir='ltr'><strong>aliquam</strong></span> <span class='ocrx_word' id='word_1_147' title='bbox 1579 1843 1582 1856; x_wconf 88' lang='lat'><strong>·</strong></span> 
     </span>
     <span class='ocr_line' id='line_1_17' title="bbox 182 1895 1540 1981; baseline 0.004 -22"><span class='ocrx_word' id='word_1_148' title='bbox 182 1895 310 1976; x_wconf 85' lang='lat' dir='ltr'><strong>partem,</strong></span> <span class='ocrx_word' id='word_1_149' title='bbox 329 1898 450 1980; x_wconf 83' lang='lat' dir='ltr'><strong>exstant</strong></span> <span class='ocrx_word' id='word_1_150' title='bbox 465 1896 545 1960; x_wconf 90' lang='lat' dir='ltr'><strong>enim</strong></span> <span class='ocrx_word' id='word_1_151' title='bbox 565 1898 596 1960; x_wconf 90' lang='lat' dir='ltr'><strong>in</strong></span> <span class='ocrx_word' id='word_1_152' title='bbox 612 1896 741 1981; x_wconf 93' lang='lat' dir='ltr'><strong>quodam</strong></span> <span class='ocrx_word' id='word_1_153' title='bbox 757 1897 983 1962; x_wconf 85' lang='lat' dir='ltr'><strong>conservatorio</strong></span> <span class='ocrx_word' id='word_1_154' title='bbox 1000 1897 1085 1961; x_wconf 81' lang='lat' dir='ltr'><strong>extra</strong></span> <span class='ocrx_word' id='word_1_155' title='bbox 1097 1896 1258 1962; x_wconf 76' lang='lat' dir='ltr'><strong>pastellum</strong></span> <span class='ocrx_word' id='word_1_156' title='bbox 1279 1898 1443 1962; x_wconf 88' lang='lat' dir='ltr'><strong>metrettae</strong></span> <span class='ocrx_word' id='word_1_157' title='bbox 1455 1897 1540 1964; x_wconf 88' lang='lat' dir='ltr'><strong>illius</strong></span> 
     </span>
     <span class='ocr_line' id='line_1_18' title="bbox 182 1982 1540 2068; baseline 0.001 -20"><span class='ocrx_word' id='word_1_158' title='bbox 182 1983 240 2048; x_wconf 88' lang='lat' dir='ltr'><strong>looi</strong></span> <span class='ocrx_word' id='word_1_159' title='bbox 252 1984 350 2048; x_wconf 81' lang='lat' dir='ltr'><strong>tritici</strong></span> <span class='ocrx_word' id='word_1_160' title='bbox 363 1983 620 2068; x_wconf 76' lang='lat' dir='ltr'><strong>buplenikdiotae</strong></span> <span class='ocrx_word' id='word_1_161' title='bbox 632 1985 754 2049; x_wconf 81' lang='lat' dir='ltr'><strong>circitor</strong></span> <span class='ocrx_word' id='word_1_162' title='bbox 770 1983 861 2062; x_wconf 92' lang='grc'>1000,</span> <span class='ocrx_word' id='word_1_163' title='bbox 878 1983 985 2049; x_wconf 89' lang='lat' dir='ltr'><strong>itidem</strong></span> <span class='ocrx_word' id='word_1_164' title='bbox 999 1987 1122 2049; x_wconf 83' lang='lat' dir='ltr'><strong>exstant</strong></span> <span class='ocrx_word' id='word_1_165' title='bbox 1133 1983 1246 2050; x_wconf 85' lang='lat' dir='ltr'><strong>ibidem</strong></span> <span class='ocrx_word' id='word_1_166' title='bbox 1262 1982 1359 2067; x_wconf 87' lang='lat' dir='ltr'><strong>solopi</strong></span> <span class='ocrx_word' id='word_1_167' title='bbox 1374 1985 1493 2050; x_wconf 88' lang='lat' dir='ltr'><strong>barbati</strong></span> <span class='ocrx_word' id='word_1_168' title='bbox 1509 1985 1540 2063; x_wconf 83' lang='lat'><strong>5,</strong></span> 
     </span>
     <span class='ocr_line' id='line_1_19' title="bbox 185 2071 1540 2157; baseline 0.003 -22"><span class='ocrx_word' id='word_1_169' title='bbox 185 2071 260 2136; x_wconf 90' lang='lat' dir='ltr'><strong>item</strong></span> <span class='ocrx_word' id='word_1_170' title='bbox 291 2073 473 2137; x_wconf 90' lang='lat' dir='ltr'><strong>mortarium</strong></span> <span class='ocrx_word' id='word_1_171' title='bbox 500 2091 605 2138; x_wconf 90' lang='lat' dir='ltr'><strong>unum.</strong></span> <span class='ocrx_word' id='word_1_172' title='bbox 644 2071 794 2138; x_wconf 85' lang='lat' dir='ltr'><strong>Officialis</strong></span> <span class='ocrx_word' id='word_1_173' title='bbox 819 2071 933 2137; x_wconf 90' lang='lat' dir='ltr'><strong>ibidem</strong></span> <span class='ocrx_word' id='word_1_174' title='bbox 964 2071 1151 2138; x_wconf 86' lang='lat' dir='ltr'><strong>constitutus</strong></span> <span class='ocrx_word' id='word_1_175' title='bbox 1180 2073 1228 2137; x_wconf 88' lang='lat' dir='ltr'><strong>est</strong></span> <span class='ocrx_word' id='word_1_176' title='bbox 1259 2071 1410 2157; x_wconf 81' lang='lat' dir='ltr'><strong>Georgius</strong></span> <span class='ocrx_word' id='word_1_177' title='bbox 1441 2074 1540 2139; x_wconf 89' lang='lat' dir='ltr'><strong>senior</strong></span> 
     </span>
     <span class='ocr_line' id='line_1_20' title="bbox 184 2159 363 2244; baseline 0.006 -22"><span class='ocrx_word' id='word_1_178' title='bbox 184 2159 363 2244; x_wconf 83' lang='lat' dir='ltr'><strong>Tergoveou.</strong></span> 
     </span>
    </p>

    <p class='ocr_par' dir='ltr' id='par_1_3' title="bbox 178 2247 1540 2858">
     <span class='ocr_line' id='line_1_21' title="bbox 284 2247 1540 2332; baseline 0 -20"><span class='ocrx_word' id='word_1_179' title='bbox 284 2247 399 2312; x_wconf 84' lang='lat' dir='ltr'><strong>Eadem</strong></span> <span class='ocrx_word' id='word_1_180' title='bbox 423 2247 472 2311; x_wconf 91' lang='lat' dir='ltr'><strong>dio</strong></span> <span class='ocrx_word' id='word_1_181' title='bbox 494 2247 525 2312; x_wconf 89' lang='lat'><strong>4.</strong></span> <span class='ocrx_word' id='word_1_182' title='bbox 550 2249 702 2313; x_wconf 87' lang='lat' dir='ltr'><strong>mensis</strong></span> <span class='ocrx_word' id='word_1_183' title='bbox 722 2248 825 2332; x_wconf 90' lang='lat' dir='ltr'><strong>julii</strong></span> <span class='ocrx_word' id='word_1_184' title='bbox 847 2249 1042 2332; x_wconf 88' lang='lat' dir='ltr'><strong>pervenimus</strong></span> <span class='ocrx_word' id='word_1_185' title='bbox 1059 2247 1097 2311; x_wconf 94' lang='lat' dir='ltr'><strong>ad</strong></span> <span class='ocrx_word' id='word_1_186' title='bbox 1113 2247 1333 2331; x_wconf 78' lang='lat' dir='ltr'><strong>praescriptam</strong></span> <span class='ocrx_word' id='word_1_187' title='bbox 1349 2265 1461 2326; x_wconf 85' lang='lat' dir='ltr'><strong>aream,</strong></span> <span class='ocrx_word' id='word_1_188' title='bbox 1485 2267 1540 2313; x_wconf 90' lang='lat' dir='ltr'><strong>an·</strong></span> 
     </span>
     <span class='ocr_line' id='line_1_22' title="bbox 181 2335 1535 2418; baseline 0.001 -20"><span class='ocrx_word' id='word_1_189' title='bbox 181 2337 232 2400; x_wconf 86' lang='lat' dir='ltr'><strong>tea</strong></span> <span class='ocrx_word' id='word_1_190' title='bbox 254 2335 376 2400; x_wconf 87' lang='lat' dir='ltr'><strong>oomitie</strong></span> <span class='ocrx_word' id='word_1_191' title='bbox 399 2335 614 2401; x_wconf 82' lang='lat' dir='ltr'><strong>Francisoi</strong></span> <span class='ocrx_word' id='word_1_192' title='bbox 645 2355 664 2401; x_wconf 91' lang='lat' dir='ltr'><strong>a</strong></span> <span class='ocrx_word' id='word_1_193' title='bbox 689 2337 869 2418; x_wconf 81' lang='lat' dir='ltr'><strong>Tersaov,</strong></span> <span class='ocrx_word' id='word_1_194' title='bbox 893 2335 1101 2418; x_wconf 87' lang='lat' dir='ltr'><strong>Novigrad</strong></span> <span class='ocrx_word' id='word_1_195' title='bbox 1124 2337 1275 2412; x_wconf 81' lang='lat' dir='ltr'><strong>vocatam,</strong></span> <span class='ocrx_word' id='word_1_196' title='bbox 1307 2335 1360 2400; x_wconf 91' lang='lat' dir='ltr'><strong>ubi</strong></span> <span class='ocrx_word' id='word_1_197' title='bbox 1383 2337 1535 2402; x_wconf 86' lang='lat' dir='ltr'><strong>oeourerit</strong></span> 
     </span>
     <span class='ocr_line' id='line_1_23' title="bbox 178 2421 1535 2507; baseline 0.002 -20"><span class='ocrx_word' id='word_1_198' title='bbox 178 2423 268 2488; x_wconf 78' lang='lat' dir='ltr'><strong>&#39;nubis</strong></span> <span class='ocrx_word' id='word_1_199' title='bbox 291 2422 432 2488; x_wconf 87' lang='lat' dir='ltr'><strong>dominus</strong></span> <span class='ocrx_word' id='word_1_200' title='bbox 456 2422 528 2490; x_wconf 89' lang='lat' dir='ltr'><strong>baro</strong></span> <span class='ocrx_word' id='word_1_201' title='bbox 551 2424 673 2503; x_wconf 86' lang='lat' dir='ltr'><strong>Saurer,</strong></span> <span class='ocrx_word' id='word_1_202' title='bbox 697 2424 841 2507; x_wconf 89' lang='lat' dir='ltr'><strong>praesidii</strong></span> <span class='ocrx_word' id='word_1_203' title='bbox 864 2422 1132 2489; x_wconf 86' lang='lat' dir='ltr'><strong>oarolostadiensis</strong></span> <span class='ocrx_word' id='word_1_204' title='bbox 1156 2421 1314 2502; x_wconf 79' lang='lat' dir='ltr'><strong>vexillifer,</strong></span> <span class='ocrx_word' id='word_1_205' title='bbox 1340 2424 1392 2507; x_wconf 89' lang='lat' dir='ltr'><strong>qui</strong></span> <span class='ocrx_word' id='word_1_206' title='bbox 1416 2442 1471 2488; x_wconf 90' lang='lat' dir='ltr'><strong>uos</strong></span> <span class='ocrx_word' id='word_1_207' title='bbox 1498 2424 1535 2490; x_wconf 92' lang='lat' dir='ltr'><strong>ad</strong></span> 
     </span>
     <span class='ocr_line' id='line_1_24' title="bbox 182 2509 1533 2595; baseline 0.003 -21"><span class='ocrx_word' id='word_1_208' title='bbox 182 2509 373 2595; x_wconf 87' lang='lat' dir='ltr'><strong>praedictam</strong></span> <span class='ocrx_word' id='word_1_209' title='bbox 395 2529 496 2576; x_wconf 85' lang='lat' dir='ltr'><strong>arcem</strong></span> <span class='ocrx_word' id='word_1_210' title='bbox 520 2512 697 2595; x_wconf 84' lang='lat' dir='ltr'><strong>neutiquam</strong></span> <span class='ocrx_word' id='word_1_211' title='bbox 728 2513 842 2577; x_wconf 90' lang='lat' dir='ltr'><strong>intrare</strong></span> <span class='ocrx_word' id='word_1_212' title='bbox 865 2512 1015 2594; x_wconf 87' lang='lat' dir='ltr'><strong>permisit,</strong></span> <span class='ocrx_word' id='word_1_213' title='bbox 1048 2530 1154 2576; x_wconf 90' lang='lat' dir='ltr'><strong>verum</strong></span> <span class='ocrx_word' id='word_1_214' title='bbox 1177 2513 1208 2575; x_wconf 89' lang='lat' dir='ltr'><strong>in</strong></span> <span class='ocrx_word' id='word_1_215' title='bbox 1238 2511 1304 2577; x_wconf 89' lang='lat' dir='ltr'><strong>looo</strong></span> <span class='ocrx_word' id='word_1_216' title='bbox 1337 2511 1533 2578; x_wconf 86' lang='lat' dir='ltr'><strong>tricessimae</strong></span> 
     </span>
     <span class='ocr_line' id='line_1_25' title="bbox 180 2597 1536 2684; baseline 0.001 -20"><span class='ocrx_word' id='word_1_217' title='bbox 180 2601 323 2682; x_wconf 86' lang='lat' dir='ltr'><strong>subipsa</strong></span> <span class='ocrx_word' id='word_1_218' title='bbox 346 2617 416 2665; x_wconf 87' lang='lat' dir='ltr'><strong>arne</strong></span> <span class='ocrx_word' id='word_1_219' title='bbox 438 2597 595 2684; x_wconf 84' lang='lat' dir='ltr'><strong>Novigrad</strong></span> <span class='ocrx_word' id='word_1_220' title='bbox 620 2618 786 2684; x_wconf 89' lang='lat' dir='ltr'><strong>parumque</strong></span> <span class='ocrx_word' id='word_1_221' title='bbox 811 2601 1044 2677; x_wconf 89' lang='lat' dir='ltr'><strong>diverteramus,</strong></span> <span class='ocrx_word' id='word_1_222' title='bbox 1058 2617 1160 2664; x_wconf 89' lang='lat' dir='ltr'><strong>aroem</strong></span> <span class='ocrx_word' id='word_1_223' title='bbox 1177 2598 1378 2665; x_wconf 88' lang='lat' dir='ltr'><strong>nihilominus</strong></span> <span class='ocrx_word' id='word_1_224' title='bbox 1401 2601 1433 2665; x_wconf 91' lang='lat' dir='ltr'><strong>et</strong></span> <span class='ocrx_word' id='word_1_225' title='bbox 1454 2599 1536 2666; x_wconf 92' lang='lat' dir='ltr'><strong>bona</strong></span> 
     </span>
     <span class='ocr_line' id='line_1_26' title="bbox 180 2686 1537 2770; baseline 0.001 -19"><span class='ocrx_word' id='word_1_226' title='bbox 180 2706 234 2769; x_wconf 90' lang='lat' dir='ltr'><strong>pro</strong></span> <span class='ocrx_word' id='word_1_227' title='bbox 258 2687 431 2753; x_wconf 80' lang='lat' dir='ltr'><strong>confiscatis</strong></span> <span class='ocrx_word' id='word_1_228' title='bbox 455 2706 558 2752; x_wconf 85' lang='lat' dir='ltr'><strong>eoram</strong></span> <span class='ocrx_word' id='word_1_229' title='bbox 579 2690 823 2770; x_wconf 89' lang='lat' dir='ltr'><strong>praememorato</strong></span> <span class='ocrx_word' id='word_1_230' title='bbox 846 2687 1046 2770; x_wconf 87' lang='lat' dir='ltr'><strong>vioejudlium</strong></span> <span class='ocrx_word' id='word_1_231' title='bbox 1069 2687 1248 2752; x_wconf 88' lang='lat' dir='ltr'><strong>baberenos</strong></span> <span class='ocrx_word' id='word_1_232' title='bbox 1270 2686 1374 2770; x_wconf 90' lang='lat' dir='ltr'><strong>palam</strong></span> <span class='ocrx_word' id='word_1_233' title='bbox 1398 2686 1537 2753; x_wconf 87' lang='lat' dir='ltr'><strong>deelara-</strong></span> 
     </span>
     <span class='ocr_line' id='line_1_27' title="bbox 181 2774 1537 2858; baseline 0 -17"><span class='ocrx_word' id='word_1_234' title='bbox 181 2777 292 2854; x_wconf 89' lang='lat' dir='ltr'><strong>vimus,</strong></span> <span class='ocrx_word' id='word_1_235' title='bbox 324 2794 393 2840; x_wconf 88' lang='lat' dir='ltr'><strong>oum</strong></span> <span class='ocrx_word' id='word_1_236' title='bbox 419 2775 639 2857; x_wconf 82' lang='lat' dir='ltr'><strong>protestatione</strong></span> <span class='ocrx_word' id='word_1_237' title='bbox 662 2777 694 2840; x_wconf 90' lang='lat' dir='ltr'><strong>et</strong></span> <span class='ocrx_word' id='word_1_238' title='bbox 716 2776 867 2845; x_wconf 81' lang='lat' dir='ltr'><strong>fiscalium</strong></span> <span class='ocrx_word' id='word_1_239' title='bbox 898 2774 1102 2841; x_wconf 90' lang='lat' dir='ltr'><strong>oautellarum</strong></span> <span class='ocrx_word' id='word_1_240' title='bbox 1125 2775 1332 2840; x_wconf 81' lang='lat' dir='ltr'><strong>reservatione</strong></span> <span class='ocrx_word' id='word_1_241' title='bbox 1362 2775 1409 2839; x_wconf 92' lang='lat' dir='ltr'><strong>uti</strong></span> <span class='ocrx_word' id='word_1_242' title='bbox 1433 2794 1537 2858; x_wconf 87' lang='lat' dir='ltr'><strong>supra.</strong></span> 
     </span>
    </p>

    <p class='ocr_par' dir='ltr' id='par_1_4' title="bbox 90 2862 1583 3649">
     <span class='ocr_line' id='line_1_28' title="bbox 284 2862 1534 2946; baseline -0.001 -18"><span class='ocrx_word' id='word_1_243' title='bbox 284 2862 359 2928; x_wconf 92' lang='lat' dir='ltr'><strong>Inde</strong></span> <span class='ocrx_word' id='word_1_244' title='bbox 383 2863 510 2946; x_wconf 81' lang='lat' dir='ltr'><strong>profecti</strong></span> <span class='ocrx_word' id='word_1_245' title='bbox 533 2882 641 2928; x_wconf 89' lang='lat' dir='ltr'><strong>sumus</strong></span> <span class='ocrx_word' id='word_1_246' title='bbox 664 2865 701 2928; x_wconf 90' lang='lat' dir='ltr'><strong>ad</strong></span> <span class='ocrx_word' id='word_1_247' title='bbox 724 2864 911 2929; x_wconf 91' lang='lat' dir='ltr'><strong>dirutam</strong></span> <span class='ocrx_word' id='word_1_248' title='bbox 944 2881 1075 2927; x_wconf 84' lang='lat' dir='ltr'><strong>aream</strong></span> <span class='ocrx_word' id='word_1_249' title='bbox 1104 2862 1321 2942; x_wconf 84' lang='lat' dir='ltr'><strong>Savaroea,</strong></span> <span class='ocrx_word' id='word_1_250' title='bbox 1352 2863 1450 2928; x_wconf 89' lang='lat' dir='ltr'><strong>voluti</strong></span> <span class='ocrx_word' id='word_1_251' title='bbox 1482 2881 1534 2928; x_wconf 85' lang='lat' dir='ltr'><strong>aa·</strong></span> 
     </span>
     <span class='ocr_line' id='line_1_29' title="bbox 179 2950 1536 3034; baseline 0 -18"><span class='ocrx_word' id='word_1_252' title='bbox 179 2953 234 3034; x_wconf 90' lang='lat' dir='ltr'><strong>put</strong></span> <span class='ocrx_word' id='word_1_253' title='bbox 254 2951 403 3017; x_wconf 93' lang='lat' dir='ltr'><strong>bonorum</strong></span> <span class='ocrx_word' id='word_1_254' title='bbox 416 2951 580 3017; x_wconf 91' lang='lat' dir='ltr'><strong>eorundem</strong></span> <span class='ocrx_word' id='word_1_255' title='bbox 606 2951 808 3017; x_wconf 86' lang='lat' dir='ltr'><strong>Savarosa</strong></span> <span class='ocrx_word' id='word_1_256' title='bbox 832 2953 1086 3032; x_wconf 79' lang='lat' dir='ltr'><strong>nuncupatorum,</strong></span> <span class='ocrx_word' id='word_1_257' title='bbox 1110 2968 1189 3034; x_wconf 89' lang='lat' dir='ltr'><strong>quae</strong></span> <span class='ocrx_word' id='word_1_258' title='bbox 1205 2968 1260 3014; x_wconf 89' lang='lat' dir='ltr'><strong>nos</strong></span> <span class='ocrx_word' id='word_1_259' title='bbox 1282 2951 1471 3034; x_wconf 79' lang='lat' dir='ltr'><strong>praescripta</strong></span> <span class='ocrx_word' id='word_1_260' title='bbox 1485 2950 1536 3016; x_wconf 88' lang='lat' dir='ltr'><strong>dio</strong></span> 
     </span>
     <span class='ocr_line' id='line_1_30' title="bbox 180 3037 1538 3124; baseline 0.001 -22"><span class='ocrx_word' id='word_1_261' title='bbox 180 3039 211 3102; x_wconf 88' lang='lat'><strong>4.</strong></span> <span class='ocrx_word' id='word_1_262' title='bbox 233 3038 385 3103; x_wconf 85' lang='lat' dir='ltr'><strong>mensis</strong></span> <span class='ocrx_word' id='word_1_263' title='bbox 412 3039 536 3122; x_wconf 93' lang='lat' dir='ltr'><strong>julii,</strong></span> <span class='ocrx_word' id='word_1_264' title='bbox 569 3041 727 3122; x_wconf 89' lang='lat' dir='ltr'><strong>praesente</strong></span> <span class='ocrx_word' id='word_1_265' title='bbox 751 3040 908 3124; x_wconf 85' lang='lat' dir='ltr'><strong>suprafato</strong></span> <span class='ocrx_word' id='word_1_266' title='bbox 931 3040 996 3105; x_wconf 86' lang='lat' dir='ltr'><strong>vioe</strong></span> <span class='ocrx_word' id='word_1_267' title='bbox 1016 3037 1162 3121; x_wconf 90' lang='lat' dir='ltr'><strong>judlium,</strong></span> <span class='ocrx_word' id='word_1_268' title='bbox 1186 3037 1308 3103; x_wconf 92' lang='lat' dir='ltr'><strong>domino</strong></span> <span class='ocrx_word' id='word_1_269' title='bbox 1332 3056 1403 3105; x_wconf 88' lang='lat' dir='ltr'><strong>voro</strong></span> <span class='ocrx_word' id='word_1_270' title='bbox 1427 3040 1538 3105; x_wconf 87' lang='lat' dir='ltr'><strong>barone</strong></span> 
     </span>
     <span class='ocr_line' id='line_1_31' title="bbox 182 3125 1537 3211; baseline 0 -19"><span class='ocrx_word' id='word_1_271' title='bbox 182 3127 293 3192; x_wconf 88' lang='lat' dir='ltr'><strong>Saurer</strong></span> <span class='ocrx_word' id='word_1_272' title='bbox 306 3126 471 3192; x_wconf 84' lang='lat' dir='ltr'><strong>vexiliffero</strong></span> <span class='ocrx_word' id='word_1_273' title='bbox 484 3127 614 3192; x_wconf 90' lang='lat' dir='ltr'><strong>nimium</strong></span> <span class='ocrx_word' id='word_1_274' title='bbox 627 3125 817 3210; x_wconf 84' lang='lat' dir='ltr'><strong>indignante,</strong></span> <span class='ocrx_word' id='word_1_275' title='bbox 842 3127 939 3191; x_wconf 92' lang='lat' dir='ltr'><strong>immo</strong></span> <span class='ocrx_word' id='word_1_276' title='bbox 952 3131 983 3190; x_wconf 90' lang='lat' dir='ltr'><strong>et</strong></span> <span class='ocrx_word' id='word_1_277' title='bbox 1006 3145 1092 3190; x_wconf 91' lang='lat' dir='ltr'><strong>arma</strong></span> <span class='ocrx_word' id='word_1_278' title='bbox 1103 3127 1209 3191; x_wconf 86' lang='lat' dir='ltr'><strong>eontra</strong></span> <span class='ocrx_word' id='word_1_279' title='bbox 1230 3144 1285 3191; x_wconf 90' lang='lat' dir='ltr'><strong>nos</strong></span> <span class='ocrx_word' id='word_1_280' title='bbox 1309 3127 1458 3209; x_wconf 79' lang='lat' dir='ltr'><strong>capiente,</strong></span> <span class='ocrx_word' id='word_1_281' title='bbox 1481 3145 1537 3211; x_wconf 89' lang='lat' dir='ltr'><strong>pro</strong></span> 
     </span>
     <span class='ocr_line' id='line_1_32' title="bbox 181 3213 1539 3298; baseline 0.002 -21"><span class='ocrx_word' id='word_1_282' title='bbox 181 3215 269 3297; x_wconf 90' lang='lat' dir='ltr'><strong>parte</strong></span> <span class='ocrx_word' id='word_1_283' title='bbox 285 3215 352 3280; x_wconf 88' lang='lat' dir='ltr'><strong>fisol</strong></span> <span class='ocrx_word' id='word_1_284' title='bbox 379 3214 456 3298; x_wconf 85' lang='lat' dir='ltr'><strong>regii</strong></span> <span class='ocrx_word' id='word_1_285' title='bbox 480 3217 604 3280; x_wconf 92' lang='lat' dir='ltr'><strong>omniuo</strong></span> <span class='ocrx_word' id='word_1_286' title='bbox 628 3215 860 3280; x_wconf 81' lang='lat' dir='ltr'><strong>confiscavimus</strong></span> <span class='ocrx_word' id='word_1_287' title='bbox 891 3216 923 3280; x_wconf 90' lang='lat' dir='ltr'><strong>et</strong></span> <span class='ocrx_word' id='word_1_288' title='bbox 945 3213 1111 3279; x_wconf 81' lang='lat' dir='ltr'><strong>officialem</strong></span> <span class='ocrx_word' id='word_1_289' title='bbox 1136 3213 1285 3279; x_wconf 90' lang='lat' dir='ltr'><strong>bonorum</strong></span> <span class='ocrx_word' id='word_1_290' title='bbox 1316 3216 1481 3279; x_wconf 85' lang='lat' dir='ltr'><strong>eorundem</strong></span> <span class='ocrx_word' id='word_1_291' title='bbox 1502 3232 1539 3281; x_wconf 86' lang='lat' dir='ltr'><strong>ao</strong></span> 
     </span>
     <span class='ocr_line' id='line_1_33' title="bbox 181 3301 1537 3386; baseline 0 -20"><span class='ocrx_word' id='word_1_292' title='bbox 181 3302 364 3367; x_wconf 89' lang='lat' dir='ltr'><strong>fidelitatem</strong></span> <span class='ocrx_word' id='word_1_293' title='bbox 388 3301 611 3386; x_wconf 89' lang='lat' dir='ltr'><strong>adjuravimus.</strong></span> <span class='ocrx_word' id='word_1_294' title='bbox 636 3305 670 3367; x_wconf 93' lang='lat' dir='ltr'><strong>ln</strong></span> <span class='ocrx_word' id='word_1_295' title='bbox 694 3304 780 3368; x_wconf 90' lang='lat' dir='ltr'><strong>bonis</strong></span> <span class='ocrx_word' id='word_1_296' title='bbox 794 3302 1059 3378; x_wconf 81' lang='lat' dir='ltr'><strong>Savarosaooloni,</strong></span> <span class='ocrx_word' id='word_1_297' title='bbox 1084 3303 1136 3386; x_wconf 92' lang='lat' dir='ltr'><strong>qui</strong></span> <span class='ocrx_word' id='word_1_298' title='bbox 1147 3321 1201 3385; x_wconf 91' lang='lat' dir='ltr'><strong>per</strong></span> <span class='ocrx_word' id='word_1_299' title='bbox 1222 3303 1431 3385; x_wconf 86' lang='lat' dir='ltr'><strong>septimanam</strong></span> <span class='ocrx_word' id='word_1_300' title='bbox 1440 3321 1537 3367; x_wconf 91' lang='lat' dir='ltr'><strong>unum</strong></span> 
     </span>
     <span class='ocr_line' id='line_1_34' title="bbox 181 3389 1536 3474; baseline 0.001 -21"><span class='ocrx_word' id='word_1_301' title='bbox 181 3389 384 3455; x_wconf 90' lang='lat' dir='ltr'><strong>laboratorem</strong></span> <span class='ocrx_word' id='word_1_302' title='bbox 408 3393 576 3474; x_wconf 88' lang='lat' dir='ltr'><strong>praestant,</strong></span> <span class='ocrx_word' id='word_1_303' title='bbox 601 3392 674 3455; x_wconf 86' lang='lat' dir='ltr'><strong>suut</strong></span> <span class='ocrx_word' id='word_1_304' title='bbox 689 3390 758 3454; x_wconf 88' lang='lat'>168.</span> <span class='ocrx_word' id='word_1_305' title='bbox 783 3389 841 3470; x_wconf 79' lang='lat' dir='ltr'><strong>Qui</strong></span> <span class='ocrx_word' id='word_1_306' title='bbox 863 3409 934 3456; x_wconf 89' lang='lat' dir='ltr'><strong>vero</strong></span> <span class='ocrx_word' id='word_1_307' title='bbox 949 3409 1004 3472; x_wconf 88' lang='lat' dir='ltr'><strong>por</strong></span> <span class='ocrx_word' id='word_1_308' title='bbox 1020 3391 1223 3472; x_wconf 87' lang='lat' dir='ltr'><strong>septimanam</strong></span> <span class='ocrx_word' id='word_1_309' title='bbox 1246 3389 1323 3454; x_wconf 84' lang='lat' dir='ltr'><strong>duos</strong></span> <span class='ocrx_word' id='word_1_310' title='bbox 1346 3389 1536 3456; x_wconf 86' lang='lat' dir='ltr'><strong>laboratores</strong></span> 
     </span>
     <span class='ocr_line' id='line_1_35' title="bbox 90 3477 1537 3562; baseline 0.001 -21"><span class='ocrx_word' id='word_1_311' title='bbox 90 3513 96 3518; x_wconf 94' lang='lat'>·</span> <span class='ocrx_word' id='word_1_312' title='bbox 178 3481 337 3560; x_wconf 87' lang='lat' dir='ltr'><strong>praestant</strong></span> <span class='ocrx_word' id='word_1_313' title='bbox 350 3481 422 3543; x_wconf 90' lang='lat' dir='ltr'><strong>sunt</strong></span> <span class='ocrx_word' id='word_1_314' title='bbox 443 3479 485 3544; x_wconf 88' lang='grc'><strong>46</strong></span> <span class='ocrx_word' id='word_1_315' title='bbox 502 3503 509 3555; x_wconf 92' lang='grc'>;</span> <span class='ocrx_word' id='word_1_316' title='bbox 532 3497 652 3543; x_wconf 89' lang='lat' dir='ltr'><strong>annuus</strong></span> <span class='ocrx_word' id='word_1_317' title='bbox 663 3486 829 3562; x_wconf 89' lang='lat' dir='ltr'><strong>proventus</strong></span> <span class='ocrx_word' id='word_1_318' title='bbox 847 3477 1040 3562; x_wconf 83' lang='lat' dir='ltr'><strong>pecuniarias</strong></span> <span class='ocrx_word' id='word_1_319' title='bbox 1057 3479 1200 3542; x_wconf 85' lang='lat' dir='ltr'><strong>rheueses</strong></span> <span class='ocrx_word' id='word_1_320' title='bbox 1217 3477 1254 3540; x_wconf 87' lang='lat'><strong>81</strong></span> <span class='ocrx_word' id='word_1_321' title='bbox 1277 3495 1320 3542; x_wconf 85' lang='lat' dir='ltr'><strong>or.</strong></span> <span class='ocrx_word' id='word_1_322' title='bbox 1336 3478 1386 3556; x_wconf 85' lang='grc'>13,</span> <span class='ocrx_word' id='word_1_323' title='bbox 1410 3496 1537 3561; x_wconf 88' lang='lat' dir='ltr'><strong>napoues</strong></span> 
     </span>
     <span class='ocr_line' id='line_1_36' title="bbox 179 3563 1583 3649; baseline -0.001 -19"><span class='ocrx_word' id='word_1_324' title='bbox 179 3568 337 3631; x_wconf 90' lang='lat' dir='ltr'><strong>annuatim</strong></span> <span class='ocrx_word' id='word_1_325' title='bbox 354 3568 537 3649; x_wconf 79' lang='lat' dir='ltr'><strong>proveniunt</strong></span> <span class='ocrx_word' id='word_1_326' title='bbox 557 3567 630 3644; x_wconf 79' lang='lat'><strong>202,</strong></span> <span class='ocrx_word' id='word_1_327' title='bbox 647 3566 723 3648; x_wconf 92' lang='lat' dir='ltr'><strong>pulli</strong></span> <span class='ocrx_word' id='word_1_328' title='bbox 740 3567 901 3632; x_wconf 85' lang='lat' dir='ltr'><strong>annuatim</strong></span> <span class='ocrx_word' id='word_1_329' title='bbox 924 3565 1106 3649; x_wconf 89' lang='lat' dir='ltr'><strong>proveniunt</strong></span> <span class='ocrx_word' id='word_1_330' title='bbox 1122 3565 1174 3642; x_wconf 81' lang='grc'><strong>47,</strong></span> <span class='ocrx_word' id='word_1_331' title='bbox 1193 3583 1249 3630; x_wconf 92' lang='lat' dir='ltr'><strong>ova</strong></span> <span class='ocrx_word' id='word_1_332' title='bbox 1271 3565 1436 3649; x_wconf 84' lang='lat' dir='ltr'><strong>gallinaria</strong></span> <span class='ocrx_word' id='word_1_333' title='bbox 1460 3566 1533 3630; x_wconf 88' lang='lat'>816.</span> <span class='ocrx_word' id='word_1_334' title='bbox 1577 3563 1583 3580; x_wconf 54' lang='lat'><strong>⁸</strong></span> 
     </span>
    </p>

    <p class='ocr_par' dir='ltr' id='par_1_5' title="bbox 176 3653 1548 4336">
     <span class='ocr_line' id='line_1_37' title="bbox 282 3653 1533 3738; baseline -0.001 -19"><span class='ocrx_word' id='word_1_335' title='bbox 282 3655 419 3719; x_wconf 85' lang='lat' dir='ltr'><strong>Tandem</strong></span> <span class='ocrx_word' id='word_1_336' title='bbox 442 3653 625 3720; x_wconf 78' lang='lat' dir='ltr'><strong>declaranda</strong></span> <span class='ocrx_word' id='word_1_337' title='bbox 645 3657 716 3718; x_wconf 88' lang='lat' dir='ltr'><strong>suut</strong></span> <span class='ocrx_word' id='word_1_338' title='bbox 739 3673 858 3738; x_wconf 89' lang='lat' dir='ltr'><strong>quoque</strong></span> <span class='ocrx_word' id='word_1_339' title='bbox 898 3655 1040 3718; x_wconf 91' lang='lat' dir='ltr'><strong>damna</strong></span> <span class='ocrx_word' id='word_1_340' title='bbox 1070 3654 1110 3717; x_wconf 93' lang='lat' dir='ltr'><strong>in</strong></span> <span class='ocrx_word' id='word_1_341' title='bbox 1142 3653 1383 3735; x_wconf 89' lang='lat' dir='ltr'><strong>aooeptione</strong></span> <span class='ocrx_word' id='word_1_342' title='bbox 1414 3657 1454 3717; x_wconf 90' lang='lat' dir='ltr'><strong>et</strong></span> <span class='ocrx_word' id='word_1_343' title='bbox 1477 3654 1533 3718; x_wconf 90' lang='lat' dir='ltr'><strong>dl-</strong></span> 
     </span>
     <span class='ocr_line' id='line_1_38' title="bbox 178 3740 1535 3817; baseline 0 -11"><span class='ocrx_word' id='word_1_344' title='bbox 178 3743 418 3807; x_wconf 77' lang='lat' dir='ltr'><strong>stractione</strong></span> <span class='ocrx_word' id='word_1_345' title='bbox 453 3743 711 3808; x_wconf 88' lang='lat' dir='ltr'><strong>diversarum</strong></span> <span class='ocrx_word' id='word_1_346' title='bbox 741 3761 875 3807; x_wconf 89' lang='lat' dir='ltr'><strong>rerum</strong></span> <span class='ocrx_word' id='word_1_347' title='bbox 908 3742 1135 3817; x_wconf 88' lang='lat' dir='ltr'><strong>mobilium,</strong></span> <span class='ocrx_word' id='word_1_348' title='bbox 1167 3758 1237 3805; x_wconf 88' lang='lat' dir='ltr'><strong>nee</strong></span> <span class='ocrx_word' id='word_1_349' title='bbox 1271 3757 1344 3804; x_wconf 90' lang='lat' dir='ltr'><strong>non</strong></span> <span class='ocrx_word' id='word_1_350' title='bbox 1373 3740 1535 3807; x_wconf 88' lang='lat' dir='ltr'><strong>desola-</strong></span> 
     </span>
     <span class='ocr_line' id='line_1_39' title="bbox 179 3827 1538 3908; baseline -0.002 -13"><span class='ocrx_word' id='word_1_351' title='bbox 179 3830 295 3895; x_wconf 91' lang='lat' dir='ltr'><strong>tione</strong></span> <span class='ocrx_word' id='word_1_352' title='bbox 327 3831 368 3894; x_wconf 90' lang='lat' dir='ltr'><strong>et</strong></span> <span class='ocrx_word' id='word_1_353' title='bbox 399 3831 519 3894; x_wconf 89' lang='lat' dir='ltr'><strong>ruina</strong></span> <span class='ocrx_word' id='word_1_354' title='bbox 545 3831 714 3908; x_wconf 82' lang='lat' dir='ltr'><strong>areium,</strong></span> <span class='ocrx_word' id='word_1_355' title='bbox 747 3829 1024 3895; x_wconf 77' lang='lat' dir='ltr'><strong>pastellorum</strong></span> <span class='ocrx_word' id='word_1_356' title='bbox 1055 3832 1094 3894; x_wconf 88' lang='lat' dir='ltr'><strong>et</strong></span> <span class='ocrx_word' id='word_1_357' title='bbox 1133 3827 1339 3894; x_wconf 79' lang='lat' dir='ltr'><strong>curiarum</strong></span> <span class='ocrx_word' id='word_1_358' title='bbox 1374 3827 1538 3892; x_wconf 86' lang='lat' dir='ltr'><strong>uimisin·</strong></span> 
     </span>
     <span class='ocr_line' id='line_1_40' title="bbox 177 3914 1548 4000; baseline 0 -19"><span class='ocrx_word' id='word_1_359' title='bbox 177 3919 319 3982; x_wconf 85' lang='lat' dir='ltr'><strong>decenter</strong></span> <span class='ocrx_word' id='word_1_360' title='bbox 349 3938 403 4000; x_wconf 90' lang='lat' dir='ltr'><strong>per</strong></span> <span class='ocrx_word' id='word_1_361' title='bbox 434 3918 569 3995; x_wconf 86' lang='lat' dir='ltr'><strong>milites,</strong></span> <span class='ocrx_word' id='word_1_362' title='bbox 599 3917 746 3982; x_wconf 84' lang='lat' dir='ltr'><strong>officiales</strong></span> <span class='ocrx_word' id='word_1_363' title='bbox 780 3921 811 3982; x_wconf 92' lang='lat' dir='ltr'><strong>et</strong></span> <span class='ocrx_word' id='word_1_364' title='bbox 845 3917 1037 3982; x_wconf 82' lang='lat' dir='ltr'><strong>confiniarios</strong></span> <span class='ocrx_word' id='word_1_365' title='bbox 1070 3917 1102 3981; x_wconf 90' lang='lat' dir='ltr'><strong>in</strong></span> <span class='ocrx_word' id='word_1_366' title='bbox 1141 3915 1321 4000; x_wconf 88' lang='lat' dir='ltr'><strong>praemissis</strong></span> <span class='ocrx_word' id='word_1_367' title='bbox 1363 3914 1548 3981; x_wconf 79' lang='lat' dir='ltr'><strong>confiscatis·</strong></span> 
     </span>
     <span class='ocr_line' id='line_1_41' title="bbox 178 4002 1536 4089; baseline -0.001 -19"><span class='ocrx_word' id='word_1_368' title='bbox 178 4006 380 4071; x_wconf 88' lang='lat' dir='ltr'><strong>diversimode</strong></span> <span class='ocrx_word' id='word_1_369' title='bbox 400 4005 499 4082; x_wconf 87' lang='lat' dir='ltr'><strong>illata,</strong></span> <span class='ocrx_word' id='word_1_370' title='bbox 524 4007 726 4089; x_wconf 90' lang='lat' dir='ltr'><strong>inquantum</strong></span> <span class='ocrx_word' id='word_1_371' title='bbox 751 4004 892 4072; x_wconf 86' lang='lat' dir='ltr'><strong>videlieet</strong></span> <span class='ocrx_word' id='word_1_372' title='bbox 920 4023 975 4070; x_wconf 90' lang='lat' dir='ltr'><strong>nos</strong></span> <span class='ocrx_word' id='word_1_373' title='bbox 998 4025 1034 4069; x_wconf 84' lang='lat' dir='ltr'><strong>ex</strong></span> <span class='ocrx_word' id='word_1_374' title='bbox 1060 4005 1208 4070; x_wconf 90' lang='lat' dir='ltr'><strong>relatione</strong></span> <span class='ocrx_word' id='word_1_375' title='bbox 1240 4002 1424 4069; x_wconf 87' lang='lat' dir='ltr'><strong>oifloialium</strong></span> <span class='ocrx_word' id='word_1_376' title='bbox 1444 4006 1536 4069; x_wconf 90' lang='lat' dir='ltr'><strong>bono·</strong></span> 
     </span>
     <span class='ocr_line' id='line_1_42' title="bbox 177 4091 1537 4177; baseline 0.001 -20"><span class='ocrx_word' id='word_1_377' title='bbox 177 4113 246 4158; x_wconf 91' lang='lat' dir='ltr'><strong>rum</strong></span> <span class='ocrx_word' id='word_1_378' title='bbox 277 4096 522 4170; x_wconf 78' lang='lat' dir='ltr'><strong>ponderatorum,</strong></span> <span class='ocrx_word' id='word_1_379' title='bbox 553 4111 609 4157; x_wconf 88' lang='lat' dir='ltr'><strong>neo</strong></span> <span class='ocrx_word' id='word_1_380' title='bbox 631 4113 690 4158; x_wconf 92' lang='lat' dir='ltr'><strong>nou</strong></span> <span class='ocrx_word' id='word_1_381' title='bbox 713 4093 845 4158; x_wconf 90' lang='lat' dir='ltr'><strong>aliorum</strong></span> <span class='ocrx_word' id='word_1_382' title='bbox 868 4093 1034 4177; x_wconf 87' lang='lat' dir='ltr'><strong>proborum</strong></span> <span class='ocrx_word' id='word_1_383' title='bbox 1057 4095 1089 4158; x_wconf 89' lang='lat' dir='ltr'><strong>et</strong></span> <span class='ocrx_word' id='word_1_384' title='bbox 1121 4092 1428 4157; x_wconf 85' lang='lat' dir='ltr'><strong>consolentiosiorum</strong></span> <span class='ocrx_word' id='word_1_385' title='bbox 1458 4091 1537 4158; x_wconf 91' lang='lat' dir='ltr'><strong>viro-</strong></span> 
     </span>
     <span class='ocr_line' id='line_1_43' title="bbox 176 4179 1536 4264; baseline 0 -19"><span class='ocrx_word' id='word_1_386' title='bbox 176 4201 244 4246; x_wconf 89' lang='lat' dir='ltr'><strong>rum</strong></span> <span class='ocrx_word' id='word_1_387' title='bbox 280 4185 447 4248; x_wconf 89' lang='lat' dir='ltr'><strong>oorundem</strong></span> <span class='ocrx_word' id='word_1_388' title='bbox 470 4183 651 4246; x_wconf 89' lang='lat' dir='ltr'><strong>damnorum</strong></span> <span class='ocrx_word' id='word_1_389' title='bbox 682 4181 824 4246; x_wconf 90' lang='lat' dir='ltr'><strong>notitiam</strong></span> <span class='ocrx_word' id='word_1_390' title='bbox 858 4181 971 4246; x_wconf 88' lang='lat' dir='ltr'><strong>habere</strong></span> <span class='ocrx_word' id='word_1_391' title='bbox 994 4182 1168 4264; x_wconf 89' lang='lat' dir='ltr'><strong>potuimus,</strong></span> <span class='ocrx_word' id='word_1_392' title='bbox 1203 4180 1309 4245; x_wconf 90' lang='lat' dir='ltr'><strong>ordine</strong></span> <span class='ocrx_word' id='word_1_393' title='bbox 1340 4179 1536 4263; x_wconf 81' lang='lat' dir='ltr'><strong>infrascripto</strong></span> 
     </span>
     <span class='ocr_line' id='line_1_44' title="bbox 179 4270 374 4336; baseline 0 -2"><span class='ocrx_word' id='word_1_394' title='bbox 179 4270 374 4336; x_wconf 90' lang='lat' dir='ltr'><strong>adnotantur.</strong></span> 
     </span>
    </p>

    <p class='ocr_par' dir='ltr' id='par_1_6' title="bbox 173 4354 1539 4881">
     <span class='ocr_line' id='line_1_45' title="bbox 282 4354 1536 4442; baseline -0.002 -19"><span class='ocrx_word' id='word_1_395' title='bbox 282 4359 323 4423; x_wconf 81' lang='lat' dir='ltr'><strong>m</strong></span> <span class='ocrx_word' id='word_1_396' title='bbox 345 4358 443 4441; x_wconf 94' lang='lat' dir='ltr'><strong>primo</strong></span> <span class='ocrx_word' id='word_1_397' title='bbox 464 4357 606 4441; x_wconf 89' lang='lat' dir='ltr'><strong>quidem,</strong></span> <span class='ocrx_word' id='word_1_398' title='bbox 637 4375 714 4442; x_wconf 90' lang='lat' dir='ltr'><strong>quae</strong></span> <span class='ocrx_word' id='word_1_399' title='bbox 746 4357 913 4440; x_wconf 80' lang='lat' dir='ltr'><strong>etquanta</strong></span> <span class='ocrx_word' id='word_1_400' title='bbox 946 4357 977 4420; x_wconf 92' lang='lat' dir='ltr'><strong>in</strong></span> <span class='ocrx_word' id='word_1_401' title='bbox 1009 4375 1102 4422; x_wconf 85' lang='lat' dir='ltr'><strong>aree</strong></span> <span class='ocrx_word' id='word_1_402' title='bbox 1133 4354 1391 4438; x_wconf 82' lang='lat' dir='ltr'><strong>(lhaktornja</strong></span> <span class='ocrx_word' id='word_1_403' title='bbox 1422 4355 1536 4420; x_wconf 91' lang='lat' dir='ltr'><strong>damna</strong></span> 
     </span>
     <span class='ocr_line' id='line_1_46' title="bbox 176 4442 1537 4527; baseline -0.002 -18"><span class='ocrx_word' id='word_1_404' title='bbox 176 4447 248 4511; x_wconf 91' lang='lat' dir='ltr'><strong>sunt</strong></span> <span class='ocrx_word' id='word_1_405' title='bbox 271 4445 371 4522; x_wconf 89' lang='lat' dir='ltr'><strong>illata,</strong></span> <span class='ocrx_word' id='word_1_406' title='bbox 404 4447 434 4510; x_wconf 93' lang='lat' dir='ltr'><strong>in</strong></span> <span class='ocrx_word' id='word_1_407' title='bbox 459 4445 657 4510; x_wconf 82' lang='lat' dir='ltr'><strong>distractione</strong></span> <span class='ocrx_word' id='word_1_408' title='bbox 681 4447 713 4510; x_wconf 92' lang='lat' dir='ltr'><strong>et</strong></span> <span class='ocrx_word' id='word_1_409' title='bbox 736 4445 914 4527; x_wconf 88' lang='lat' dir='ltr'><strong>aooeptione</strong></span> <span class='ocrx_word' id='word_1_410' title='bbox 937 4447 985 4510; x_wconf 90' lang='lat' dir='ltr'><strong>tot</strong></span> <span class='ocrx_word' id='word_1_411' title='bbox 1006 4446 1223 4526; x_wconf 85' lang='lat' dir='ltr'><strong>tantarumque</strong></span> <span class='ocrx_word' id='word_1_412' title='bbox 1246 4462 1349 4508; x_wconf 91' lang='lat' dir='ltr'><strong>rerum</strong></span> <span class='ocrx_word' id='word_1_413' title='bbox 1373 4442 1537 4508; x_wconf 91' lang='lat' dir='ltr'><strong>mobilium</strong></span> 
     </span>
     <span class='ocr_line' id='line_1_47' title="bbox 175 4529 1537 4616; baseline -0.001 -19"><span class='ocrx_word' id='word_1_414' title='bbox 175 4534 207 4597; x_wconf 93' lang='lat' dir='ltr'><strong>in</strong></span> <span class='ocrx_word' id='word_1_415' title='bbox 230 4535 333 4599; x_wconf 87' lang='lat' dir='ltr'><strong>valore</strong></span> <span class='ocrx_word' id='word_1_416' title='bbox 356 4534 526 4599; x_wconf 89' lang='lat' dir='ltr'><strong>multorum</strong></span> <span class='ocrx_word' id='word_1_417' title='bbox 551 4533 696 4610; x_wconf 92' lang='lat' dir='ltr'><strong>millium,</strong></span> <span class='ocrx_word' id='word_1_418' title='bbox 723 4551 775 4616; x_wconf 90' lang='lat' dir='ltr'><strong>per</strong></span> <span class='ocrx_word' id='word_1_419' title='bbox 797 4532 913 4606; x_wconf 88' lang='lat' dir='ltr'><strong>milites</strong></span> <span class='ocrx_word' id='word_1_420' title='bbox 937 4551 1098 4616; x_wconf 86' lang='lat' dir='ltr'><strong>germanos</strong></span> <span class='ocrx_word' id='word_1_421' title='bbox 1122 4531 1180 4596; x_wconf 89' lang='lat' dir='ltr'><strong>sub</strong></span> <span class='ocrx_word' id='word_1_422' title='bbox 1203 4529 1353 4596; x_wconf 76' lang='lat' dir='ltr'><strong>domanda</strong></span> <span class='ocrx_word' id='word_1_423' title='bbox 1383 4530 1537 4614; x_wconf 83' lang='lat' dir='ltr'><strong>generalis</strong></span> 
     </span>
     <span class='ocr_line' id='line_1_48' title="bbox 175 4618 1539 4705; baseline -0.003 -18"><span class='ocrx_word' id='word_1_424' title='bbox 175 4621 308 4703; x_wconf 81' lang='lat' dir='ltr'><strong>Sponlro,</strong></span> <span class='ocrx_word' id='word_1_425' title='bbox 333 4621 475 4686; x_wconf 90' lang='lat' dir='ltr'><strong>videlieet</strong></span> <span class='ocrx_word' id='word_1_426' title='bbox 497 4621 712 4686; x_wconf 90' lang='lat' dir='ltr'><strong>universorum</strong></span> <span class='ocrx_word' id='word_1_427' title='bbox 735 4621 831 4685; x_wconf 90' lang='lat' dir='ltr'><strong>ferme</strong></span> <span class='ocrx_word' id='word_1_428' title='bbox 851 4639 999 4705; x_wconf 91' lang='lat' dir='ltr'><strong>equorum</strong></span> <span class='ocrx_word' id='word_1_429' title='bbox 1030 4619 1194 4690; x_wconf 80' lang='lat' dir='ltr'><strong>curulium,</strong></span> <span class='ocrx_word' id='word_1_430' title='bbox 1226 4618 1419 4702; x_wconf 89' lang='lat' dir='ltr'><strong>aliorumque</strong></span> <span class='ocrx_word' id='word_1_431' title='bbox 1443 4635 1539 4702; x_wconf 88' lang='lat' dir='ltr'><strong>aquo·</strong></span> 
     </span>
     <span class='ocr_line' id='line_1_49' title="bbox 175 4706 1535 4792; baseline -0.001 -20"><span class='ocrx_word' id='word_1_432' title='bbox 175 4728 243 4774; x_wconf 94' lang='lat' dir='ltr'><strong>rum</strong></span> <span class='ocrx_word' id='word_1_433' title='bbox 268 4710 527 4792; x_wconf 89' lang='lat' dir='ltr'><strong>praestantiorum</strong></span> <span class='ocrx_word' id='word_1_434' title='bbox 544 4728 615 4774; x_wconf 84' lang='lat' dir='ltr'><strong>eum</strong></span> <span class='ocrx_word' id='word_1_435' title='bbox 638 4711 719 4774; x_wconf 91' lang='lat' dir='ltr'><strong>omni</strong></span> <span class='ocrx_word' id='word_1_436' title='bbox 739 4711 889 4792; x_wconf 87' lang='lat' dir='ltr'><strong>apparatu</strong></span> <span class='ocrx_word' id='word_1_437' title='bbox 905 4710 937 4773; x_wconf 89' lang='lat' dir='ltr'><strong>et</strong></span> <span class='ocrx_word' id='word_1_438' title='bbox 951 4710 1061 4774; x_wconf 90' lang='lat' dir='ltr'><strong>ornatu</strong></span> <span class='ocrx_word' id='word_1_439' title='bbox 1078 4707 1213 4791; x_wconf 85' lang='lat' dir='ltr'><strong>equestri</strong></span> <span class='ocrx_word' id='word_1_440' title='bbox 1235 4707 1437 4786; x_wconf 88' lang='lat' dir='ltr'><strong>abduotione,</strong></span> <span class='ocrx_word' id='word_1_441' title='bbox 1459 4706 1535 4770; x_wconf 88' lang='lat' dir='ltr'><strong>item</strong></span> 
     </span>
     <span class='ocr_line' id='line_1_50' title="bbox 173 4793 1538 4881; baseline -0.002 -20"><span class='ocrx_word' id='word_1_442' title='bbox 173 4799 347 4881; x_wconf 89' lang='lat' dir='ltr'><strong>aouoptione</strong></span> <span class='ocrx_word' id='word_1_443' title='bbox 370 4800 402 4864; x_wconf 84' lang='lat' dir='ltr'><strong>et</strong></span> <span class='ocrx_word' id='word_1_444' title='bbox 422 4798 580 4864; x_wconf 84' lang='lat' dir='ltr'><strong>ablatione</strong></span> <span class='ocrx_word' id='word_1_445' title='bbox 603 4799 696 4881; x_wconf 91' lang='lat' dir='ltr'><strong>panni</strong></span> <span class='ocrx_word' id='word_1_446' title='bbox 719 4796 776 4862; x_wconf 92' lang='lat' dir='ltr'><strong>lati</strong></span> <span class='ocrx_word' id='word_1_447' title='bbox 800 4797 878 4862; x_wconf 82' lang='lat' dir='ltr'><strong>liolro</strong></span> <span class='ocrx_word' id='word_1_448' title='bbox 901 4797 977 4862; x_wconf 84' lang='lat' dir='ltr'><strong>dieti</strong></span> <span class='ocrx_word' id='word_1_449' title='bbox 1001 4798 1032 4861; x_wconf 90' lang='lat' dir='ltr'><strong>ot</strong></span> <span class='ocrx_word' id='word_1_450' title='bbox 1055 4796 1146 4878; x_wconf 89' lang='lat' dir='ltr'><strong>panni</strong></span> <span class='ocrx_word' id='word_1_451' title='bbox 1168 4797 1279 4878; x_wconf 84' lang='lat' dir='ltr'><strong>grenat</strong></span> <span class='ocrx_word' id='word_1_452' title='bbox 1302 4797 1394 4878; x_wconf 88' lang='lat' dir='ltr'><strong>atque</strong></span> <span class='ocrx_word' id='word_1_453' title='bbox 1424 4793 1538 4878; x_wconf 91' lang='lat' dir='ltr'><strong>padnai</strong></span> 
     </span>
    </p>
   </div>
   <div class='ocr_carea' id='block_1_3' title="bbox 0 0 1740 5294">
    <p class='ocr_par' dir='ltr' id='par_1_7' title="bbox 0 0 1740 5294">
     <span class='ocr_line' id='line_1_51' title="bbox 0 0 1740 5294; baseline 0 1"><span class='ocrx_word' id='word_1_454' title='bbox 0 0 1740 5294; x_wconf 95' lang='lat' dir='ltr'><strong> </strong></span> 
     </span>
    </p>
   </div>
  </div>
 </body>
</html>
