3472 5294
1485 427 1550 498 557

295 606 353 670 Hie
377 604 464 669 honis
488 604 533 669 ita
556 603 734 670 confiscatis
758 605 898 687 sequenti
932 603 1112 668 immediate
1135 603 1194 680 die,
1219 622 1295 687 quae
1318 608 1383 669 erat
1402 604 1466 670 dies
1491 607 1553 673 aba

192 693 308 760 mensis
331 693 417 776 hdeij,
442 693 620 758 traiecimus
645 695 780 758 Dravum
816 695 847 756 et
869 693 1010 757 venimus
1045 690 1355 770 Ohaktorniam‚
1390 694 1492 777 ibique
1515 697 1567 759 ed·

116 775 119 782 ’
193 785 333 848 sanctam
356 779 507 846 Helenam
530 781 563 846 in
598 781 732 844 claustro
756 780 886 846 fratrum
910 781 1109 845 Paulinorum
1144 781 1341 845 convenimus
1365 783 1553 848 reverendis·

197 869 311 936 simum
325 871 483 934 dominum
496 869 665 934 Martinam
680 868 859 946 Borlrovich‚
878 870 1053 951 episcopum
1066 869 1313 951 Zagrabiansem
1338 871 1388 952 qui
1402 870 1551 936 Viennam

194 960 232 1023 ad
260 977 346 1023 suam
370 959 611 1022 sacratissimam
636 955 831 1022 Maiestatem
856 957 1121 1039 proficiscebatur:
1150 959 1177 1021 is
1201 958 1282 1020 circa
1305 958 1552 1024 confiscationem

194 1047 344 1113 honorum
368 1047 604 1111 memoratorum
619 1047 831 1110 seditiosorum
847 1045 1005 1111 hominum
1023 1044 1147 1110 modum
1164 1048 1196 1108 et
1208 1045 1344 1109 ordinem
1369 1048 1552 1112 servandum

195 1155 288 1219 penes
312 1153 399 1198 suam
423 1134 595 1217 opinionem
629 1135 715 1198 nobis
736 1133 911 1199 declaravit.
943 1133 1018 1196 lude
1041 1133 1120 1197 circa
1154 1134 1261 1197 horam
1297 1133 1457 1212 decimam,
1482 1154 1551 1200 crim

284 1329 310 1375 a'
326 1331 375 1375 me
398 1328 472 1394 erga
494 1327 596 1373 meum
628 1308 906 1372 clementissimum
931 1307 1089 1372 dominum
1122 1325 1156 1372 ao
1177 1307 1328 1391 inclytam
1352 1308 1475 1374 domum
1499 1329 1553 1376 au-

284 1400 430 1464 striacam
454 1398 649 1479 praestitum,
682 1398 818 1478 ternpore
841 1397 984 1461 videlicet
1013 1397 1185 1460 intentatae
1209 1395 1369 1461 seditionis
1392 1396 1553 1464 Zrinianae

282 1488 450 1563 notificare,
474 1485 572 1550 acad
608 1484 776 1548 tollendam
811 1484 987 1566 quorumvis
1011 1489 1118 1547 contra
1151 1503 1199 1548 me
1223 1486 1347 1549 sinistre
1369 1484 1553 1552 fabricatam

280 1575 565 1658 interpretationem
586 1571 739 1637 declarare
760 1573 838 1636 volo,
864 1619 871 1635 .
898 1620 905 1635 .
930 1573 1030 1637 Deum
1065 1573 1180 1636 trinum
1213 1589 1247 1636 ac
1283 1593 1375 1637 unum
1397 1578 1494 1639 testor
1522 1579 1554 1640 et

282 1663 493 1728 beatissimam
518 1663 668 1744 virginem
695 1660 838 1738 Mariam,
875 1680 924 1724 me
947 1678 1102 1742 nunquam
1125 1661 1207 1741 prins
1227 1662 1264 1725 ds
1288 1661 1442 1728 intentata
1466 1683 1553 1744 prae-

281 1751 363 1816 dicta
385 1751 538 1816 seditione
561 1748 704 1813 Zriniana
739 1749 865 1813 scivisse
901 1759 953 1814 ant
977 1748 1024 1812 vel
1047 1749 1078 1811 in
1114 1750 1242 1812 minimo
1266 1752 1423 1832 cognitum
1446 1751 1551 1824 fuisse.

282 1840 342 1903 nisi
370 1839 408 1918 10
431 1839 535 1903 martii
560 1837 696 1901 eiusdem
728 1836 843 1901 mensis
867 1840 899 1901 et
920 1837 1001 1913 anni,
1034 1855 1093 1918 quo
1116 1855 1184 1900 sum
1209 1841 1408 1919 protestatus,
1429 1841 1553 1904 tandem

281 1927 414 2010 pertidus
446 1926 499 1991 ille
534 1921 742 2008 Buhovachh'p
777 1924 858 1990 foras
893 1925 1018 1990 venerat
1052 1943 1088 1988 ex
1122 1924 1241 2000 Tuscia,
1277 1943 1311 1990 ao
1346 1925 1453 1990 statim
1485 1932 1554 2011 post

282 2016 400 2099 aliquot
422 2013 498 2090 dies,
520 2014 600 2077 facto
624 2015 745 2078 cum-d.
771 2011 952 2078 Svaztouioh
990 2014 1110 2077 maturo
1144 2015 1269 2078 consilio
1305 2014 1335 2076 in
1366 2033 1552 2096 succursum,

282 2105 412 2186 huicque
436 2102 517 2168 malo
539 2101 771 2178 obveniendum,
808 2102 1032 2184 provocandum
1066 2102 1224 2185 qantooius
1258 2101 1553 2169 excellentissimum

281 2209 306 2256 o.
331 2191 507 2274 generalem
545 2187 824 2254 Carlostadisnsem
858 2191 1005 2268 indicavi,
1041 2193 1072 2253 et
1106 2191 1198 2267 svaei,
1223 2208 1296 2253 suae
1329 2207 1408 2254 sacr.
1432 2209 1551 2275 quoquo

282 2279 439 2346 maiestati
461 2281 496 2344 ut
519 2278 692 2360 perscribat
713 2277 794 2342 idem
819 2277 960 2343 dominns
982 2277 1172 2353 Svastovich,
1198 2279 1242 2341 uti
1268 2281 1300 2341 et
1322 2277 1405 2352 fecit3
1430 2281 1554 2344 nuncia-

283 2367 386 2450 vitque
410 2386 445 2430 ex
470 2386 537 2430 meo
553 2366 702 2431 instinctu
725 2385 780 2450 per
803 2385 897 2430 unum
926 2365 1107 2429 monachum
1131 2384 1203 2429 suae
1228 2365 1426 2432 excellentiae
1450 2368 1552 2448 (aulae

281 2454 479 2538 cancellario)
503 2457 535 2519 et
567 2473 640 2519 suae
675 2471 753 2519 sacr.
777 2453 931 2518 maiestati
967 2452 1157 2535 perscripsit,
1194 2455 1275 2536 quod
1310 2458 1408 2519 totum
1441 2457 1554 2538 scripto
1634 2475 1639 2486 ·

283 2543 451 2608 declaravit
484 2542 566 2607 idem
591 2545 620 2608 d.
645 2541 836 2621 Svastorich,
871 2541 1104 2623 transmisitque
1139 2541 1201 2605 iam
1238 2543 1352 2605 dudum
1388 2543 1459 2607 ante
1482 2561 1554 2610 oon-

284 2635 423 2713 spectum
448 2650 520 2696 suae
543 2649 620 2695 seor.
637 2631 819 2695 maiestatis.
855 2628 920 2708 Qua
945 2631 981 2692 de
1005 2646 1098 2692 causa
1121 2629 1246 2694 sinistre
1270 2648 1305 2694 ao
1329 2650 1364 2694 ex
1387 2632 1555 2697 intrinseco

283 2721 413 2802 quodam
437 2723 542 2784 contra
566 2737 615 2783 ma
649 2719 712 2783 iam
742 2717 892 2783 fabricato
927 2717 995 2781 odio
1030 2715 1212 2782 Franciscus
1235 2716 1407 2801 Spoliarich
1431 2738 1480 2783 me
1503 2722 1554 2784 de-

283 2807 417 2873 colorare
441 2807 523 2885 iecit,
548 2808 599 2889 qui
622 2805 723 2888 primo
745 2807 862 2870 curiam
885 2801 1159 2887 meam's'poliavit
1172 2803 1234 2890 (me
1258 2806 1383 2871 mndem
1407 2807 1497 2888 plane
1520 2809 1553 2872 in

286 2896 412 2961 seruitio
435 2913 508 2961 suae
533 2893 705 2961 maiestatis
740 2913 808 2960 oum
845 2893 1058 2958 illustrissimo
1081 2894 1193 2958 comite
1216 2893 1344 2958 Nicolao
1367 2893 1499 2980 Erdddy,
1523 2897 1556 2961 in

284 2983 488 3067 andaginihus
523 2984 669 3048 nimirum
705 2983 844 3047 secandis
880 2982 976 3046 fuisse
1010 2985 1096 3046 trans
1120 2980 1282 3065 Colapim),
1321 3001 1357 3046 ac
1390 3001 1426 3047 ex
1450 2985 1555 3048 eadem

287 3073 372 3137 curia
395 3091 463 3136 mea
486 3071 601 3154 absque
626 3067 689 3134 ullo
706 3071 848 3135 mandato
870 3070 963 3134 ullius
980 3071 1145 3154 superioris
1167 3089 1215 3133 res
1232 3071 1390 3135 universas
1415 3071 1555 3150 mobiles,

288 3161 326 3224 ad
351 3159 485 3224 valorem
508 3160 574 3223 500
610 3159 817 3241 imperialium
852 3177 904 3240 per
936 3157 965 3222 d.
987 3157 1252 3238 protonotharium
1281 3160 1368 3242 regni
1392 3159 1554 3238 limitatas,

285 3250 324 3313 ad
347 3267 380 3313 se
403 3247 485 3312 idern
508 3247 678 3330 Spoliarich
702 3247 857 3330 deportari
880 3265 916 3311 ao
939 3245 1070 3311 distrahi
1101 3247 1228 3325 curavit,
1264 3265 1339 3329 quas
1362 3249 1394 3312 et
1416 3247 1453 3312 de
1476 3249 1557 3314 sacto

286 3355 383 3419 neque
407 3336 483 3402 mihi
507 3336 654 3413 restituit,
677 3353 731 3399 nec
754 3335 793 3399 ad
816 3337 937 3418 partem
956 3333 1023 3398 fisci
1061 3351 1134 3398 suae
1159 3333 1338 3412 maiestatis,
1363 3337 1555 3419 conscripsit,

287 3425 341 3490 sed
365 3443 420 3507 pro
443 3443 474 3488 se
498 3424 675 3506 usurpavit;
699 3423 894 3506 postmodum
917 3441 1017 3487 meam
1034 3423 1151 3487 curiam
1174 3442 1228 3505 pro
1252 3441 1284 3487 sa
1307 3422 1419 3488 habere
1440 3425 1557 3501 volens,

290 3515 322 3579 et
344 3513 445 3578 solum
469 3530 505 3576 ex
526 3512 585 3577 hoo
621 3511 786 3594 proposito,
817 3529 878 3576 non
901 3510 1030 3576 alicuius
1059 3529 1154 3575 noxae
1186 3517 1240 3575 aut
1273 3511 1379 3576 delicti
1401 3513 1462 3576 mei
1485 3531 1557 3596 ergo

211 3609 216 3622 '
285 3602 341 3666 aut
364 3619 434 3665 vero
459 3599 631 3681 praestandi
668 3599 829 3664 servitium
853 3619 925 3664 suae
954 3599 1137 3678 maiestatis,
1169 3599 1251 3664 circa
1283 3599 1382 3664 ullum
1406 3603 1557 3665 camerate

284 3691 340 3754 aut
362 3707 435 3754 suae
460 3687 632 3753 maiestatis
655 3687 836 3752 mandatum
859 3685 1091 3765 confiscaverat;
1123 3705 1200 3770 quae
1234 3689 1357 3771 quidem
1380 3689 1465 3753 curia
1487 3707 1559 3754 cum

285 3777 437 3843 consortis
464 3795 551 3842 meae
575 3777 718 3858 peccunia
739 3778 843 3859 empta
861 3775 979 3854 luisset,
1005 3777 1052 3840 uti
1075 3777 1307 3858 comprobatum
1343 3779 1399 3855 est,
1431 3778 1559 3842 eandem

287 3867 404 3950 inclyta
435 3883 557 3930 camera
586 3865 732 3942 restituit,
768 3865 833 3928 visa
864 3863 1056 3929 innocentiae
1086 3882 1172 3928 meae
1207 3863 1304 3948 proba
1336 3883 1372 3930 ac
1405 3867 1560 3930 contesta-

286 3956 379 4019 tione.
405 4004 412 4020 .
437 4004 445 4018 .
467 3951 640 4036 Opponeret
674 3951 737 4018 fors
765 3952 887 4036 aliquis,
925 3951 1005 4035 quod
1029 3969 1096 4016 ecce
1117 3953 1213 4017 frater
1238 3971 1324 4018 meus
1352 3953 1383 4017 in
1406 3972 1467 4037 qua
1490 3958 1560 4020 nota

286 4043 396 4108 fuisset
419 4058 467 4106 me
497 4042 592 4105 etiam
626 4041 721 4106 simili
746 4043 852 4124 gradu,
884 4041 1035 4124 siqnidem
1066 4039 1161 4106 irater
1184 4061 1258 4107 suus
1282 4061 1392 4122 essem,
1417 4043 1560 4108 notitiam

287 4131 350 4195 sors
373 4131 548 4195 habuissem
572 4129 677 4194 delicti
695 4130 753 4205 sui,
777 4131 998 4212 praecessisse;
1021 4130 1070 4194 cui
1094 4147 1143 4194 me
1159 4131 1204 4195 ita
1219 4131 1349 4212 explico:
1374 4131 1400 4196 si
1424 4149 1560 4215 unquam

287 4220 324 4283 de
348 4218 453 4302 aliqua
486 4218 635 4282 seditione
668 4216 764 4283 frater
795 4237 880 4282 meus
914 4220 962 4282 est
995 4218 1124 4296 locutae,
1161 4220 1263 4282 minus
1296 4221 1452 4300 quidpiam
1483 4220 1560 4283 mihi

286 4307 473 4383 revellaeset
495 4309 589 4389 caput
610 4306 723 4388 absque
753 4305 816 4370 ulla
838 4307 940 4388 gratia
969 4306 1064 4375 donor
1098 4324 1170 4370 nam
1194 4304 1277 4370 solus
1300 4306 1384 4371 dicat
1415 4307 1453 4372 ad
1477 4309 1561 4390 puri·

287 4397 385 4460 tatem
398 4413 471 4462 suae
487 4393 701 4470 conscientiae,
726 4395 751 4458 si
767 4413 845 4470 sum,
870 4394 931 4458 iam
948 4395 1057 4458 tertius
1074 4411 1170 4457 annus
1187 4411 1266 4458 nuno
1287 4395 1400 4477 agitur,
1426 4414 1561 4478 unquam

286 4503 356 4549 oum
382 4485 447 4566 ipso
470 4484 598 4562 locutus,
625 4482 726 4566 minps
743 4482 868 4546 tandem
891 4484 1028 4565 tempore
1044 4478 1204 4547 seditionis
1229 4501 1324 4565 neque
1345 4481 1465 4548 locutus
1489 4503 1559 4549 oum

286 4573 360 4656 ipso.
398 4571 448 4637 Sic
473 4591 521 4636 me
544 4573 618 4636 dens
645 4571 770 4636 adiuvet
792 4571 824 4634 et
847 4589 952 4635 omnes
976 4572 1084 4636 sancti.
1121 4567 1235 4634 Datum
1271 4571 1439 4635 incuria
1478 4589 1562 4636 mea

285 4661 514 4726 Lashovacs
548 4659 597 4722 die
620 4659 639 4721 6
660 4659 775 4723 mensis
809 4657 946 4741 Augusti
975 4656 1065 4721 1672.
1090 4656 1264 4740 Stephanus
1288 4655 1465 4738 Ivanovich‚
1489 4677 1561 4724 suae

285 4767 362 4814 sacr.
386 4749 557 4812 maiestatis
582 4747 711 4828 presidio
735 4745 888 4811 Zredezho
912 4748 999 4830 regni
1022 4747 1293 4829 vice-capitaneus.

328 4837 356 4904 U
378 4836 520 4902 nadbisk.
544 4835 661 4902 erhivu.
685 4835 785 4919 Epist.
809 4836 847 4900 ad
870 4835 1027 4920 episcopos
1051 4835 1180 4920 Zagrah.
1205 4836 1281 4902 tom.
1307 4835 1361 4919 Vl,
1385 4857 1432 4903 nr.
1462 4835 1516 4904 62.
