3544 5288
1446 394 1512 460 417

156 571 407 636 hinterbracbten
429 569 682 653 entdeclrhungen
704 569 740 635 B.
757 568 790 635 0.
810 569 1015 646 verstandten,
1039 569 1107 634 dass
1123 568 1196 634 turn
1215 587 1267 634 ror
1282 567 1511 636 Weihnachten

157 658 207 724 ich
231 679 301 723 zurn
324 658 431 742 graleu
454 657 547 724 Zrini'
562 658 747 723 hinhomben
768 678 806 722 au
830 657 978 735 ersahren,
1001 657 1058 722 uie
1081 675 1114 722 es
1133 657 1191 721 mit
1211 655 1436 741 Ober-Ungarn
1458 659 1511 724 be-

158 746 301 824 schaffeu,
326 748 406 811 beim
431 745 541 812 Wordt
563 747 634 812 aber
656 747 754 810 seder
777 746 979 811 dazumahlen
1010 746 1110 810 weder
1145 744 1313 810 hernacber
1346 745 1401 811 aul
1428 748 1511 812 mein

159 834 362 900 beschehenes
382 834 607 918 crkbr'rndtigen
630 853 687 900 von
707 835 761 898 der
776 831 1080 898 Bnhhoratzlrischen
1094 832 1347 916 Verscbiclrhung
1362 833 1394 898 in
1408 834 1511 900 Nach-

159 923 240 986 richt
263 923 391 1006 bringen
414 923 573 996 lrhdnneu;
591 922 625 1006 ja
643 941 732 1007 sogar
755 941 791 987 zu
809 921 1052 1004 rerbleimblung
1075 922 1127 984 der
1144 919 1261 985 Sachen
1285 921 1340 985 hat
1356 941 1398 1000 er,
1422 922 1461 986 da
1479 924 1512 988 ib

159 1011 242 1075 ihme
266 1012 318 1075 der
341 1011 441 1076 Lenth
463 1011 566 1075 Reden
601 1011 662 1075 und
686 1028 879 1075 communem
900 1008 1016 1073 famam
1033 1009 1239 1090 uergebalten,
1254 1009 1313 1072 mit
1328 1010 1415 1073 derne
1429 1010 1513 1078 mich

160 1098 389 1181 abgespeisset:
426 1117 458 1162 es
492 1105 594 1163 waren
631 1098 753 1162 lauther
788 1096 941 1161 chimerae
977 1095 1036 1161 und
1072 1095 1274 1178 sophistische
1309 1096 1509 1178 inventiones,

158 1186 266 1250 weilen
288 1185 341 1250 der
370 1185 598 1270 Buhhowatnlry
626 1204 730 1268 uegen
766 1185 912 1249 beuraths
943 1186 1106 1249 tractatum
1143 1183 1255 1247 nachor
1288 1181 1512 1268 Ober·Ungarn

160 1274 222 1338 und
247 1275 433 1356 lreineswegs
457 1275 489 1338 in
511 1274 655 1358 Tdrlrhey
677 1291 807 1356 gangen.
832 1273 891 1337 2ἀο
914 1273 1063 1336 bethenet
1086 1271 1140 1336 der
1163 1269 1243 1336 Grai
1262 1271 1338 1336 aben
1361 1271 1460 1336 disses
1476 1275 1508 1338 in

156 1363 256 1426 seiuer
279 1361 402 1445 hussag
422 1361 449 1426 G
468 1362 636 1444 interroget
658 1361 710 1426 45.
734 1361 783 1425 die
806 1359 1009 1442 Aussendung
1030 1358 1231 1442 Bulroratzlry
1254 1377 1325 1442 seye
1355 1361 1507 1426 zuiscben

158 1449 285 1514 Martini
308 1452 369 1514 und
392 1448 576 1514 (letharinae
601 1448 782 1524 bescheben,
806 1449 920 1511 darnon
946 1446 1051 1512 keiner
1073 1449 1200 1530 gcwust.
1234 1447 1355 1512 Dabero
1383 1449 1441 1512 dan
1465 1446 1513 1514 bis

158 1536 282 1602 hiebern
305 1537 354 1601 die
379 1539 587 1621 praesumptio
610 1536 659 1601 fiir
683 1535 765 1600 mich
789 1535 901 1612 stehet,
928 1534 1000 1599 dass
1024 1533 1074 1598 icb
1104 1533 1204 1616 quoad
1233 1534 1383 1617 originem
1417 1535 1515 1600 incul-

158 1629 247 1706 patae
270 1625 427 1690 seditionis
458 1625 619 1690 Zrinianae
650 1625 736 1689 leina
766 1621 998 1688 Wissenschaft
1032 1622 1157 1706 gehabt,
1187 1623 1396 1706 praesumitur
1431 1624 1512 1688 enim

158 1713 332 1794 ignorantia
352 1714 404 1778 nbi
424 1714 552 1778 scientia
572 1733 631 1778 nou
645 1712 803 1795 probatur.
829 1710 917 1794 (Cap.
946 1710 986 1772 47
1006 1709 1043 1774 de
1065 1728 1128 1792 reg.
1146 1711 1198 1792 jur
1216 1710 1248 1774 in
1265 1708 1344 1796 cto.)
1359 1709 1434 1776 Alss
1465 1713 1513 1778 ich

158 1801 233 1864 aber
255 1800 321 1864 3tio
344 1803 424 1866 circa
446 1802 580 1866 medium
613 1800 760 1866 februarii
783 1799 975 1882 zuAgramb
991 1798 1040 1862 die
1055 1816 1154 1862 zween
1168 1796 1361 1863 Haubtleuth
1381 1796 1512 1864 Giolnitn
1565 1835 1569 1841 ·

157 1887 220 1953 und
243 1888 398 1953 Mallinitz
420 1889 608 1972 angetroffen
639 1888 727 1964 habe,
751 1886 885 1952 dieselbe
914 1886 995 1951 mich
1014 1884 1187 1969 angeredat,
1211 1884 1255 1948 sie
1281 1886 1387 1951 hatten
1403 1905 1513 1955 arcana

158 1977 218 2040 und
241 1976 382 2057 wichtige
405 1975 509 2040 Handl
531 1976 764 2052 auentdeclrhen,
789 1975 828 2040 da
850 1974 900 2038 icb
928 1973 1086 2038 anderster
1116 1971 1289 2056 schweigen
1321 1973 1448 2053 wordte,
1482 1976 1514 2040 in

158 2063 245 2126 deme
268 2082 330 2128 uun
354 2064 404 2128 ich
427 2062 481 2128 Ihr
504 2083 522 2128 a
545 2063 716 2146 casagliero
740 2063 825 2127 nicht
848 2064 920 2128 aber
943 2080 997 2144 per
1010 2061 1225 2143 juramentum
1249 2059 1296 2144 (so
1318 2060 1369 2126 ich
1393 2063 1514 2154 hainam

158 2150 218 2214 dan
242 2151 323 2215 liner
342 2152 455 2234 Mayst.
479 2153 613 2217 meiuem
636 2151 894 2234 allergnedigsten
915 2148 1049 2214 Khaiser
1072 2149 1134 2212 und
1163 2147 1287 2232 Khbnig
1309 2145 1514 2236 gescbworen)

158 2237 449 2322 gehaimbhaltnng
473 2239 682 2322 versprochen,
704 2238 766 2303 und
789 2240 849 2302 mir
873 2237 974 2302 nichts
996 2237 1130 2319 weniger
1161 2237 1224 2300 alss
1246 2237 1420 2319 periculosa
1455 2243 1509 2304 aut

160 2325 306 2390 seditiosa
328 2329 550 2393 znuernemben
573 2327 768 2410 eingebildet,
782 2327 862 2390 seint
883 2325 926 2390 sie
942 2325 1051 2390 herfcr
1066 2322 1228 2407 gebrohcn,
1249 2324 1302 2388 der
1316 2325 1516 2411 Bubcratnlsy

159 2419 238 2478 ware
262 2415 293 2478 in
317 2415 462 2500 Tdrlrhey
482 2415 622 2499 ablegirt,
646 2415 731 2479 hette
759 2415 944 2488 vermerlrht,
981 2412 1037 2476 wie
1072 2412 1121 2476 die
1155 2411 1267 2494 vbllige
1294 2413 1515 2479 ottomauische

159 2501 267 2565 Macbt
290 2501 321 2565 in
345 2502 497 2567 excidium
528 2503 661 2569 familiae
685 2502 846 2566 Zrinianae
870 2502 901 2565 et
929 2500 1154 2584 oppressionem
1178 2498 1278 2588 gentis
1310 2502 1429 2567 nostrae
1459 2520 1514 2566 an-

158 2590 300 2671 geseben,
322 2611 365 2667 er,
386 2591 550 2673 gedacbter
573 2590 782 2672 Bulrcvatzlry,
806 2590 878 2654 aber
902 2589 1097 2653 conditiones
1131 2585 1312 2652 favorabiles
1336 2589 1368 2652 et
1394 2606 1516 2656 conser-

159 2677 290 2742 vationis
312 2680 435 2744 modum
460 2678 622 2754 erfnnden3
648 2679 784 2743 wornter
806 2677 855 2742 ich
879 2679 961 2741 totus
984 2675 1134 2741 attonitus
1157 2675 1213 2737 den
1230 2672 1335 2739 Grund
1360 2695 1397 2741 nu
1412 2679 1512 2743 finden
1638 2686 1654 2764 ἰ

164 2765 218 2843 sie,
242 2764 442 2847 Hauptleuth,
467 2767 572 2832 ueiter
591 2765 771 2849 angelragt:
796 2783 946 2848 quaenam
970 2781 1041 2846 ergo
1066 2762 1129 2827 sint
1153 2761 1227 2826 illae
1251 2763 1316 2826 tam
1331 2762 1515 2830 favorabiles

164 2853 351 2918 conditiones
375 2873 429 2937 per
452 2855 716 2919 Butoratzlrbium
741 2854 834 2917 initae
849 2857 904 2918 eut
927 2852 1097 2924 tractatam
1119 2868 1151 2914 es
1174 2849 1229 2914 hat
1251 2849 1324 2916 aber
1339 2849 1443 2918 keiuer
1458 2872 1516 2918 ron

163 2940 256 3004 ihnen
279 2941 379 3025 einige
403 2941 600 3023 particularia
623 2941 683 3006 mir
707 2959 800 3024 sagen
817 2942 934 3005 konnen
952 2939 1024 3004 oder
1040 2937 1160 3012 wollen,
1176 2936 1338 3020 allegando
1355 2939 1399 3004 sie
1410 2940 1515 3006 hetten

161 3027 269 3093 weiter
292 3033 385 3094 etwas
409 3049 444 3094 nu
467 3029 600 3094 eroffnen
623 3030 707 3094 nicht
730 3029 760 3092 in
786 3027 957 3102 mandatis;
982 3027 1091 3091 daborc
1114 3026 1174 3088 dan
1197 3025 1235 3089 ob
1256 3024 1375 3093 diessen
1399 3027 1520 3094 Erech-⁸

163 3115 279 3198 lungen
302 3117 350 3181 ein
374 3119 519 3196 mehrers,
540 3118 603 3182 alss
626 3119 694 3182 dem
720 3117 802 3182 Bano
827 3112 972 3202 saihston,
997 3114 1049 3198 qui
1075 3113 1299 3196 ablegationem
1320 3113 1352 3179 in
1375 3116 1516 3181 Turciam

162 3204 380 3269 antecedenter
404 3205 479 3270 mihi
503 3208 675 3288 negaverat,
700 3223 735 3268 au
758 3205 891 3289 glauben
915 3223 995 3286 seye,
1020 3202 1067 3265 ich
1100 3200 1208 3265 billich
1244 3200 1275 3264 in
1309 3201 1431 3266 Zweilel
1454 3223 1517 3288 ¹ge·

164 3291 318 3369 standten,
345 3295 407 3358 und
430 3293 498 3357 lein
521 3293 761 3376 genugsarnbtes
792 3292 1026 3356 fundamentum
1058 3288 1297 3353 denuntiationis
1329 3308 1433 3374 wegen
1463 3294 1518 3357 der

158 3378 385 3464 Unterlassung
408 3380 456 3446 die
472 3381 596 3464 Anhlag
613 3381 641 3443 A
657 3383 704 3444 ein
722 3383 837 3445 crimen
855 3377 1071 3462 perducRiouis
1084 3377 1235 3441 evinciren
1252 3377 1324 3452 will,
1342 3377 1515 3458 belunden;

159 3467 231 3532 dass
255 3469 389 3532 alendis
414 3470 530 3534 ratione
554 3470 697 3533 scientiae
714 3487 784 3532 cnm
808 3468 933 3532 Bartolo
955 3456 1097 3548 allogirte
1120 3463 1295 3529 fiscalische
1314 3463 1387 3547 jura
1420 3467 1516 3532 wider

159 3557 239 3620 mich
265 3556 311 3620 uit
332 3556 447 3635 halben,
469 3559 592 3640 aequior
615 3557 696 3620 enirn
719 3556 882 3630 sententia,
907 3556 938 3619 et
959 3553 1022 3619 fere
1058 3550 1197 3617 omniurn
1226 3551 1515 3634 jurisconsultorum

159 3643 270 3726 opinio,
293 3663 397 3708 ausser
418 3645 471 3709 des
489 3643 668 3709 hierinfabls
690 3663 746 3728 gar
765 3663 800 3708 zu
816 3642 988 3725 rachgierig
1003 3640 1137 3717 Bartoli,
1160 3648 1279 3722 pugnat
1301 3658 1354 3723 pro
1368 3661 1426 3706 me.
1452 3642 1516 3708 nd·

158 3733 348 3811 vertendum,
373 3731 451 3815 quod
474 3733 631 3816 praedicta
652 3733 803 3796 sententia
826 3732 857 3795 et
879 3729 1044 3802 conclusio,
1067 3745 1144 3810 quae
1167 3727 1272 3806 habet,
1297 3729 1374 3812 qnod
1391 3733 1515 3796 tenetur

159 3821 226 3904 quis
250 3822 383 3886 revelare
407 3823 532 3899 crimen,
551 3821 670 3904 qnando
694 3821 753 3884 scit
775 3819 853 3884 illud
886 3816 1141 3893 commitendam,
1166 3811 1287 3879 videtur
1302 3817 1513 3899 intelligendo,

159 3909 277 3992 qnando
301 3913 404 3991 posset
427 3909 504 3973 illud
527 3909 662 3990 probare,
681 3909 754 3972 dicit
776 3907 888 3972 (tomen
906 3905 985 3991 (tom
1001 3905 1032 3969 3.
1049 3922 1110 3967 car.
1136 3921 1164 3966 n.
1183 3901 1213 3964 8.
1230 3907 1312 3986 post.
1331 3905 1387 3969 lin.
1404 3905 1514 3990 3iam),

158 3997 241 4062 idem
262 3996 421 4062 confirmat
444 3997 549 4062 Alciot
571 3996 623 4079 (ad
648 3998 681 4061 h.
705 3996 725 4058 4
748 3995 777 4077 q.
799 3993 873 4060 Cato
906 4014 935 4058 n.
960 3993 1002 4056 30
1030 3991 1062 4056 ff.
1092 3991 1129 4054 de
1165 3990 1246 4054 verb.
1276 3991 1428 4075 obligat):
1461 3995 1514 4060 ubi

160 4084 271 4149 viderit
295 4085 460 4150 materiam
477 4083 613 4149 criminis
630 4082 729 4148 laesae
745 4082 919 4164 Majestatis
943 4081 975 4144 in
997 4081 1072 4143 haec
1087 4075 1244 4144 formalia:
1263 4082 1400 4163 „quando
1417 4081 1516 4148 sciens

160 4190 220 4236 non
243 4173 337 4238 babet
362 4173 574 4255 probationem
598 4172 715 4246 delicti,
737 4173 821 4254 puta,
848 4172 918 4254 quia
933 4168 1042 4233 luisset
1065 4165 1124 4231 sibi
1140 4165 1317 4246 reuelatum.
1342 4165 1394 4254 (N.
1416 4169 1464 4246 B.)
1487 4172 1518 4236 in

31 4281 38 4288 ·
160 4265 288 4337 secreto,
313 4261 345 4324 in
371 4260 428 4325 tali
451 4279 528 4325 casu
550 4279 608 4324 non
633 4260 740 4324 incidit
762 4259 794 4322 in
817 4258 953 4341 aliquam
977 4273 1118 4338 poenam,
1135 4251 1296 4335 nequidem
1313 4257 1520 4322 extraordina-

159 4347 257 4413 riam“
285 4346 395 4429 (Citat.
413 4348 538 4413 ibidem.
556 4368 586 4413 ιι.
613 4349 666 4412 28.
690 4346 789 4429 Angel
813 4348 844 4410 in
867 4345 991 4409 tractet.
1015 4345 1051 4408 de
1074 4339 1180 4406 Malcl.
1202 4359 1280 4406 vers.
1303 4343 1358 4408 che
1380 4343 1430 4410 hai
1457 4346 1520 4412 tra·
1543 4415 1544 4418 ,

161 4436 224 4503 dito
247 4437 278 4502 la
300 4441 355 4502 tua
377 4437 480 4519 patria
508 4437 539 4499 in
559 4437 614 4498 lta
637 4435 800 4517 columna).
825 4434 865 4497 ut
886 4431 998 4498 iterum
1023 4431 1074 4514 (ad
1097 4430 1132 4494 h.
1157 4428 1235 4493 bona
1257 4428 1331 4496 fides
1363 4432 1394 4496 ff.
1430 4435 1520 4516 depo-

159 4525 262 4590 sitin.
307 4524 354 4590 19.
379 4525 411 4587 et
432 4524 476 4587 20
499 4524 645 4588 similiter
665 4525 700 4588 ad
724 4523 759 4586 L.
785 4521 844 4585 189
867 4522 938 4603 post
961 4538 1043 4583 nnm.
1067 4518 1086 4581 3
1109 4517 1140 4581 ff.
1165 4515 1202 4579 do
1216 4517 1289 4581 verb
1306 4518 1422 4603 signifi)
1436 4521 1519 4588 lehrt
1581 4595 1583 4606 Ι

159 4614 324 4695 gedacbter
349 4611 509 4677 Alciatus:
536 4612 635 4695 ,qnod
657 4612 755 4675 sciens
777 4612 809 4675 et
832 4628 891 4673 non
914 4608 1054 4673 revelans
1077 4609 1131 4670 aut
1153 4603 1279 4670 omnino
1302 4608 1340 4669 ad
1370 4608 1446 4672 nihil
1470 4611 1517 4676 to·

159 4705 278 4780 nentur,
303 4700 357 4766 ant
379 4700 491 4765 saltem
514 4703 600 4764 extra
614 4700 749 4763 ordinem
767 4696 885 4762 modice
912 4694 1095 4761 coercendus
1116 4691 1199 4772 sit;“
1218 4689 1359 4758 formalia
1375 4696 1440 4779 ejus
1464 4694 1516 4782 (ad

85 4851 89 4858 .
159 4793 188 4856 d.
212 4791 247 4855 L.
271 4789 351 4854 bona
372 4789 448 4853 fides
461 4808 496 4852 n.
524 4787 572 4854 19.
592 4789 624 4852 et
646 4786 701 4872 20)
720 4787 790 4852 sunt
812 4787 902 4851 haec:
931 4779 1008 4864 ,Sed
1030 4783 1102 4866 quid
1126 4782 1152 4846 si
1175 4776 1288 4862 aliquis
1311 4785 1517 4850 noncredidit

1247 4885 1288 4950 27
