3550 5272
1527 343 1591 409 235

226 520 433 587 comburendo
452 538 545 586 unam
570 541 588 588 a
611 521 820 588 fundamentis
843 521 958 587 domini
981 521 1193 606 Bubovatzlxy,
1227 541 1295 587 eum
1322 541 1357 588 ex
1381 539 1466 587 more
1486 523 1592 604 despe-

227 611 346 674 ratione
382 610 547 675 adstrinxit
581 611 612 674 in
646 610 792 675 anciam
835 610 1015 693 profugere,
1057 629 1112 693 per
1146 629 1236 694 quern
1274 610 1348 674 deus
1381 611 1441 675 scit
1475 613 1593 694 quanta

228 696 370 761 melaac
394 698 504 762 damna
535 698 697 780 patiemur,
730 699 776 762 nti
807 698 871 763 suis
894 696 1025 770 ultimis,
1062 717 1137 781 quas
1161 716 1266 763 comes
1299 698 1397 761 banus
1432 716 1524 779 penes
1558 715 1591 761 se

229 783 334 861 babet,
356 803 476 849 summe
499 785 723 860 comminatum
748 785 824 850 alias
848 803 929 862 uero,
962 784 1023 848 nisi
1046 786 1101 850 illa
1132 786 1333 850 successisset
1355 785 1494 866 irruptio,
1517 787 1591 850 tunc

228 871 319 954 plane
339 870 394 936 illa
416 871 465 935 die
488 871 589 954 ipsum
613 871 822 938 infallibiliter
851 891 1008 937 curassem
1040 871 1265 955 deprehendere
1290 876 1323 936 ot
1346 870 1591 938 Oiatothurnam

233 977 287 1023 seu
312 958 400 1023 bonis
419 977 472 1024 seu
497 961 588 1024 malis
611 960 795 1035 conducere;
819 961 892 1024 licet
922 963 1007 1024 enim
1030 963 1136 1025 eontra
1159 959 1306 1042 quosdam
1332 959 1465 1024 infensos
1490 961 1591 1024 natio-

232 1045 280 1110 nis
297 1048 420 1111 nostrae
436 1046 637 1130 extirpatores
664 1045 787 1113 facilem
810 1047 1068 1112 adinvenissimus
1089 1047 1274 1130 repulsionis
1295 1046 1431 1122 modum,
1463 1049 1590 1111 atamen

228 1136 370 1217 respectu
388 1152 461 1197 suae
476 1135 703 1200 sacratissimae
720 1136 882 1200 maestatis
899 1153 1065 1213 armorum,
1079 1135 1247 1200 contractis
1264 1134 1401 1200 humeris
1417 1137 1449 1200 et
1466 1134 1589 1217 lachry-

231 1221 396 1286 mabundis
420 1222 516 1285 oculis
540 1223 641 1305 potius
673 1223 777 1287 ruinas
810 1225 933 1288 nostras
964 1223 1113 1305 inspicere
1137 1225 1169 1286 et
1192 1222 1344 1304 personali
1371 1221 1591 1305 comparitione

232 1326 358 1392 syncera
381 1309 518 1374 debitam
563 1310 800 1375 submissionem
824 1329 960 1375 necnon
984 1310 1211 1375 immutabilem
1235 1328 1308 1391 erga
1334 1311 1592 1394 augustissimam

234 1395 360 1460 domum
390 1397 582 1462 devotionem
615 1398 780 1463 contestari
809 1397 972 1463 voluimus.
1004 1397 1103 1475 Unde,
1139 1397 1379 1462 clementissime
1410 1397 1588 1480 imperator,

232 1501 338 1548 omnes
361 1484 451 1566 buius
475 1485 602 1549 actionis
626 1484 889 1564 circumstantiae,
920 1485 994 1549 lieet
1024 1486 1124 1568 primo
1154 1485 1281 1567 aspectu
1311 1484 1443 1567 iniquas,
1468 1485 1587 1549 nullum

236 1572 343 1635 tamen
367 1571 465 1636 alium
486 1571 577 1637 finem
602 1572 785 1651 babuerunt,
810 1573 870 1638 nisi
901 1574 1034 1637 excitare
1056 1573 1172 1637 famam
1197 1573 1228 1636 et
1251 1591 1441 1638 commovere
1463 1572 1592 1637 curiosi·

233 1659 340 1736 tatem,
365 1661 400 1722 ut
423 1678 515 1723 unum
542 1660 590 1724 vel
614 1660 747 1724 alterum
770 1679 806 1725 ex
829 1660 1037 1725 tribunalibus
1072 1663 1192 1724 vestrae
1216 1662 1328 1726 sacrat.
1354 1660 1515 1724 maestatis
1538 1676 1592 1724 nos

232 1746 445 1827 requisivisset
464 1746 513 1810 rel
532 1748 659 1812 citasset
690 1748 729 1811 ad
753 1747 939 1813 reddendam
970 1747 1184 1830 operationum
1218 1752 1390 1812 nostrarum
1422 1747 1592 1823 rationem;

237 1834 369 1916 quodsi
394 1835 489 1917 spreti
513 1833 678 1899 fuissemus
712 1835 760 1900 uel
796 1854 831 1901 cx
866 1837 1044 1917 contemptu
1079 1834 1331 1918 neglexissemus,
1367 1836 1494 1900 tandem
1518 1853 1591 1900 sanc

233 1921 337 1985 omnia
357 1921 488 1986 nefanda
512 1925 544 1986 et
567 1923 719 1988 scelerata
741 1923 778 1988 de
802 1923 891 1989 nobis
914 1923 1135 2004 argumentari,
1158 1923 1237 1987 bona
1260 1923 1353 1987 etiam
1373 1924 1518 1987 uniuersa
1541 1923 1594 1986 de-

233 2010 355 2073 vastare
379 2011 411 2073 et
442 2027 600 2092 occupare,
632 2010 756 2074 demum
788 2029 932 2092 personas
959 2011 1043 2092 ipsas
1071 2028 1124 2092 pro
1155 2009 1323 2075 rebellibus
1356 2012 1389 2075 ct
1416 2010 1593 2075 infidelibus

234 2095 434 2178 proclamare,
458 2095 623 2179 plusquam
635 2097 758 2182 justum
778 2099 810 2162 et
833 2099 961 2181 dignum
986 2097 1115 2170 fuisset3
1140 2097 1247 2162 taliter
1269 2117 1339 2161 vcro
1360 2117 1416 2162 nec
1432 2098 1520 2162 citati
1536 2115 1592 2162 nec

231 2184 338 2261 auditi,
369 2184 424 2249 scd
455 2185 492 2249 ob
526 2203 626 2249 meras
657 2184 752 2249 falsas
787 2187 818 2250 et
841 2187 981 2250 sinistras
1007 2185 1174 2250 delationes
1205 2185 1410 2261 condemnati,
1433 2185 1529 2250 immo
1553 2185 1592 2248 ob

233 2272 392 2353 peractam
414 2272 446 2336 in
470 2272 557 2337 bonis
581 2272 801 2349 executionem,
833 2292 910 2356 quae
942 2273 1121 2337 immediate
1152 2273 1256 2337 notam
1286 2271 1482 2337 infidelitatis
1505 2291 1592 2354 prae·

232 2359 387 2440 supponit,
411 2359 443 2423 iu
467 2360 580 2424 bonore
599 2361 631 2424 et
654 2359 846 2442 reputatione
871 2360 1022 2426 diffamati
1046 2363 1194 2424 extamus.
1222 2358 1315 2423 Absit
1337 2363 1441 2425 tarum
1469 2362 1591 2425 tautum

232 2445 371 2510 levitatis
394 2465 429 2511 ac
460 2448 721 2530 praesumptionis
746 2449 775 2511 in
809 2466 866 2525 me,
899 2452 935 2512 ut
967 2448 998 2512 in
1029 2449 1194 2529 conspectu
1217 2448 1338 2511 vestrae
1362 2448 1591 2514 sacratissimae

233 2531 407 2598 maiestatis
429 2535 514 2599 nnllc
539 2535 629 2599 modo
654 2536 846 2618 operationes
872 2555 957 2601 meas
988 2534 1158 2599 rectificare
1180 2552 1384 2617 exposcerem,
1417 2535 1471 2599 sed
1494 2535 1594 2600 liben-

233 2619 306 2698 tius,
331 2622 425 2686 etiam
456 2622 483 2685 si
514 2641 612 2686 essem
647 2623 918 2688 innocentissimus
948 2643 998 2688 me
1031 2641 1116 2687 reum
1148 2621 1258 2697 fateor,
1294 2640 1329 2687 ac
1352 2622 1496 2688 innatam
1519 2640 1594 2687 suae

233 2709 341 2772 sacrat.
356 2709 530 2774 maiestatis
554 2709 749 2774 clementiam
775 2728 826 2774 ore
850 2728 885 2775 ac
908 2711 998 2774 corde
1022 2710 1140 2787 invoco,
1165 2708 1339 2774 streniam
1363 2709 1497 2774 demissa
1514 2711 1594 2792 peto,
1640 2785 1643 2790 Ι

233 2795 511 2878 compromittende
534 2815 585 2860 me
608 2797 799 2862 infuturum
824 2817 899 2862 suae
932 2799 1043 2863 sacrat.
1068 2795 1229 2862 maestatis
1252 2795 1470 2862 fidelissimum
1496 2796 1597 2862 vasal-

234 2882 300 2946 lum
323 2902 360 2948 ae
382 2883 596 2949 humillimum
619 2904 741 2950 servum
763 2903 1007 2968 permansurum,
1031 2885 1124 2967 inque
1146 2883 1211 2948 suis
1233 2883 1469 2966 augustissimis
1499 2883 1595 2948 servi-

234 2969 287 3034 tiis
308 2991 366 3037 non
389 2970 488 3038 selum
513 2973 617 3037 omnia
640 2990 710 3037 mea
742 2973 795 3036 sed
828 2974 921 3038 etiam
952 2973 1048 3038 vitam
1076 2973 1108 3036 et
1132 2971 1312 3055 sanguinem
1334 2989 1479 3054 spargere
1502 2989 1597 3053 pare·

236 3057 304 3122 tum
327 3065 449 3141 semper
473 3060 545 3124 fore.
581 3059 675 3124 Hisce
705 3079 755 3124 une
786 3061 883 3126 denno
912 3079 985 3126 suae
1018 3059 1130 3124 sacrat.
1156 3057 1317 3124 maestatis
1352 3058 1536 3123 clementiae
1565 3059 1597 3122 et

235 3146 354 3228 gratiae
378 3146 511 3211 demisse
534 3148 724 3223 commendo,
750 3166 786 3212 ac
810 3148 911 3212 virere
934 3149 1070 3230 morique
1087 3146 1155 3211 volo
1168 3148 1287 3210 vestrae
1304 3147 1416 3211 sacrat.
1434 3165 1594 3212 caesareae

236 3232 400 3316 regiaeque
433 3235 607 3299 maiestatis
641 3234 833 3300 humillimus
871 3255 977 3302 seruus
1011 3237 1043 3299 et
1076 3233 1210 3299 vasallus
1242 3234 1423 3300 Franciscus
1456 3233 1595 3300 marchio

236 3319 452 3402 Frangcpanes
475 3340 577 3386 comes
601 3341 617 3386 a
639 3323 799 3388 Thersacz.
955 3365 956 3368 =

336 3408 504 3473 luvana:
530 3408 626 3492 Copia
656 3411 797 3475 Ersterer
825 3411 955 3476 relation
986 3409 1059 3475 odor
1091 3407 1271 3474 Confession
1302 3411 1354 3474 des
1378 3407 1504 3474 Graffen
1530 3427 1590 3474 ron

235 3491 427 3578 Frangepan.
452 3497 565 3562 Wienn
589 3499 609 3561 2
633 3497 707 3580 May
734 3497 827 3562 1670,
962 3499 965 3505 '

869 3697 962 3781 380.

233 3823 326 3893 1670,
339 3825 359 3882 3
371 3825 498 3898 scibnp'a.
513 3824 579 3884 Bet.
604 3825 720 3898 Fbaepc
733 3825 771 3884 K.
786 3823 970 3972 Regtgpun
987 3820 1151 3901 dcpuujuje
1164 3824 1177 3881 e'
1192 3821 1340 3896 inprecatio
1354 3822 1439 3896 semu
1456 3820 1598 3894 iapoojest

828 3929 844 3971 c
930 3931 948 3971 a.
973 3929 1010 3970 m.

337 4030 555 4098 Sacratissima
578 4050 720 4097 caesarea
743 4031 886 4116 regiaque
903 4030 1049 4096 maiestas
1066 4029 1190 4095 domine
1202 4028 1325 4093 dominc
1341 4026 1599 4093 clementissime.

234 4115 309 4182 Cum
330 4119 362 4182 in
377 4119 500 4200 praeuia
520 4137 589 4184 mea
623 4120 770 4185 relatione
797 4123 933 4184 exortam
956 4117 1175 4194 confusionem,
1207 4116 1405 4199 eiusdemque
1428 4133 1536 4180 causas
1562 4133 1597 4180 ac

233 4205 382 4269 rationem
407 4206 591 4291 simpliciter
615 4209 737 4272 tantum
761 4206 964 4290 exposuerim,
989 4205 1079 4270 modo
1102 4223 1229 4288 syncera
1246 4205 1278 4268 ct
1303 4202 1494 4268 immutabili
1524 4221 1599 4286 erga

234 4311 321 4355 suam
345 4293 513 4376 angustias.
537 4294 661 4360 domum
686 4295 796 4360 ductus
819 4295 969 4360 fidelitate
992 4312 1027 4358 ae
1048 4292 1208 4358 devotione
1232 4291 1408 4357 effectivum
1432 4291 1528 4355 etiam
1554 4291 1598 4354 rei

233 4381 350 4444 statum
375 4381 508 4446 demissa
531 4382 767 4462 communicare,
791 4386 823 4447 et
841 4383 917 4447 baec
933 4380 1093 4464 sequentia
1108 4398 1162 4463 pro
1179 4380 1256 4446 bono
1277 4397 1350 4445 snae
1366 4377 1597 4443 sacratissimae

231 4467 404 4533 maiestatis
427 4469 571 4534 intimare
595 4469 770 4535 humillime
787 4489 907 4553 rogans,
937 4470 1130 4552 praesentem
1164 4485 1267 4532 reram
1293 4469 1323 4529 et
1347 4484 1456 4548 puram
1479 4465 1598 4530 revela·

233 4553 346 4619 tionem
360 4557 464 4621 vostra
479 4557 691 4623 sacratissima
705 4559 853 4622 miaestas
869 4574 924 4622 suo
937 4573 1059 4621 cesaree
1076 4556 1194 4637 pectori
1211 4570 1356 4638 reponere
1371 4552 1596 4635 benignissime

233 4641 384 4725 dignetur.
417 4644 463 4708 De
493 4645 638 4711 instituta
667 4644 861 4729 ablegatione
884 4645 922 4708 ad
953 4639 1122 4709 Turcarum
1153 4643 1371 4723 imperatorem
1397 4640 1596 4704 verissimum

231 4731 288 4809 est,
311 4729 552 4797 clementissime
568 4749 682 4813 caesar,
699 4751 749 4797 me
765 4734 828 4798 ullo
844 4731 934 4798 modo
948 4731 1042 4796 fuisse
1057 4729 1223 4810 conscium,
1248 4745 1320 4793 nam
1336 4729 1375 4793 ob
1391 4726 1597 4810 singularem,
