3544 5288
1509 422 1572 488 397

318 599 442 666 Etenim
479 599 506 665 si
528 598 661 665 nominis
684 599 746 665 mei
769 597 850 664 lama
872 598 905 663 ct
926 598 1115 664 aucthoritas
1138 596 1285 662 tractatui
1307 597 1504 680 Ungarorum
1520 599 1574 664 ob·

217 689 335 754 staculo
359 687 562 768 consuisset,
586 687 744 754 siitidcm
778 706 878 753 meam
908 686 1058 751 humilem
1089 685 1325 750 submissionem
1360 685 1481 768 Ungari
1513 705 1574 752 non

215 777 382 843 vidissent:
406 793 484 841 anno
500 777 568 860 quis
583 777 683 860 putat,
700 779 765 841 tam
777 773 932 858 placidum
943 773 1120 838 rebellionis
1136 774 1228 838 finem
1242 773 1438 838 subsecutum
1457 773 1573 839 inisse?

216 865 402 930 Praesertim
424 865 547 930 cumin
569 867 707 948 temporo
731 865 767 928 dc
789 862 932 929 omnibus
955 862 1150 926 Maiestatem
1177 863 1308 925 rostram
1332 861 1460 928 adverti.

321 954 408 1018 Haec
429 971 485 1036 ego
510 953 634 1018 causari
656 952 805 1018 fidelitate
829 969 915 1026 mca3
946 969 1025 1014 nunc
1058 950 1126 1033 quis
1156 949 1283 1014 effectus
1315 951 1471 1014 tantarum
1504 969 1574 1032 pro·

213 1039 381 1106 missarum
404 1041 597 1125 gratiarum?

318 1129 461 1195 Miserias
483 1147 598 1207 omnes,
617 1127 777 1204 dedecora,
802 1125 945 1191 infamias
968 1124 1120 1208 completo
1153 1144 1220 1189 sum
1251 1144 1361 1206 passus
1395 1127 1427 1192 at
1461 1126 1572 1208 patior.

213 1214 347 1282 Octavus
372 1219 434 1282 iam
457 1215 573 1281 labitur
598 1215 721 1293 mensis,
745 1234 763 1278 a
786 1233 845 1296 quo
866 1221 1051 1297 quaeruntur
1081 1213 1257 1279 occasiones
1280 1215 1406 1291 irarum,
1441 1232 1493 1279 nec
1525 1213 1573 1278 in·

213 1304 309 1369 ueniri
333 1307 480 1388 possunt;
504 1304 579 1388 quin
603 1306 635 1369 et
658 1321 764 1368 manes
789 1302 924 1367 familiae
948 1321 1033 1368 meae
1055 1302 1196 1366 turbatae
1221 1302 1483 1368 concutiebantur.
1511 1302 1566 1367 De-

215 1411 301 1457 mum
325 1412 396 1458 curn
420 1392 507 1457 nulla
529 1393 618 1457 noxia
633 1410 725 1457 causa
741 1390 779 1455 ad
803 1391 988 1455 incitandam
1002 1390 1178 1455 ulteriorem
1192 1389 1434 1474 indignationem
1452 1391 1572 1455 rostrae

212 1479 387 1545 maiestatis
410 1484 516 1545 contra
538 1499 587 1545 mc
610 1481 706 1557 adest,
738 1477 898 1544 satisfuit
927 1478 1028 1562 primo
1058 1477 1268 1560 suspicionum
1300 1478 1376 1542 velis
1408 1478 1571 1543 veritatem

213 1570 317 1652 tegere
341 1571 373 1634 et
403 1567 492 1634 falsis
524 1568 773 1651 impositionibus
801 1569 833 1633 in
863 1566 1007 1652 voragine
1041 1566 1283 1630 destructionum
1318 1586 1367 1631 mc
1399 1566 1570 1645 detrudere,

213 1658 249 1720 ut
271 1659 385 1738 postca,
412 1659 471 1722 etsi
492 1656 544 1721 lux
568 1657 708 1721 veritatis
742 1674 778 1719 eu
800 1673 893 1720 coeno
916 1674 965 1720 me
1000 1656 1156 1719 extrahere
1187 1653 1292 1732 vellet,
1323 1652 1452 1739 Stygiae
1486 1655 1573 1719 adin·

213 1743 417 1824 contionibus,
440 1745 479 1810 ad
498 1744 620 1809 ruinam
642 1762 744 1808 meam
767 1742 955 1826 excogitatis,
979 1742 1116 1806 detinere
1139 1740 1201 1806 fase
1226 1743 1285 1816 sit;
1317 1745 1410 1825 utque
1440 1742 1573 1808 sufficiat

215 1831 333 1896 dicere:
357 1833 414 1897 Est
436 1833 636 1908 exulceratus
661 1851 722 1897 non
744 1833 866 1915 oportet
886 1830 987 1913 ipsum
1011 1831 1178 1894 dimittere.

317 1919 522 2004 Otempora!
558 1919 584 1985 Ο
615 1920 713 1986 letum
743 1919 879 1984 familiae
912 1938 996 1983 meae
1019 1917 1220 1982 horrendum!
1257 1915 1347 1982 Certe
1381 1917 1458 1984 satis
1489 1919 1571 1984 foret

212 2007 289 2073 haec
313 2008 446 2091 suspicio
466 2007 504 2072 de
526 2028 584 2088 me,
608 2009 635 2072 si
656 2025 812 2090 nunquam
835 2009 926 2071 deum
950 2008 1183 2088 redemptorem,
1208 2008 1413 2088 protectorem
1436 2006 1569 2072 chrisci-

212 2097 350 2171 anitatis,
374 2115 602 2180 cognoscorom;
635 2097 662 2161 si
683 2095 878 2178 splendorem
897 2093 1033 2160 familiae
1057 2113 1141 2158 meac
1171 2095 1272 2159 studio
1295 2094 1360 2160 luto
1383 2094 1477 2160 faecis
1500 2114 1572 2160 con·

211 2177 357 2267 spurcare
382 2185 504 2263 vellem,
528 2185 554 2248 si
576 2184 705 2266 denique
728 2185 874 2248 honorem
897 2203 1010 2262 meum,
1034 2183 1100 2246 vita
1118 2182 1299 2258 chariorem,
1324 2203 1382 2247 non
1405 2182 1571 2262 ambirem,

215 2291 286 2340 cum
310 2275 414 2338 tamen
437 2292 591 2357 nunquam
613 2272 710 2337 motui
732 2273 873 2349 mortem,
898 2271 972 2336 dum
995 2288 1048 2354 pro
1065 2271 1133 2347 lide,
1159 2289 1211 2353 pro
1227 2270 1336 2353 patria,
1354 2289 1409 2353 pro
1439 2272 1569 2355 denique

214 2360 364 2426 fidelitate
388 2364 506 2426 vestrae
530 2360 705 2425 maiestatis
728 2361 886 2443 agebatur.

316 2449 400 2532 Ergo
424 2449 500 2527 ideo,
525 2450 605 2532 quod
628 2452 735 2514 contra
758 2448 944 2513 voluntatem
969 2448 1089 2512 vestrae
1120 2445 1301 2524 maiestatis,
1334 2449 1440 2512 contra
1469 2449 1571 2514 omnia

211 2554 268 2600 sua
291 2535 387 2616 iussa,
412 2537 646 2602 ad'inridorum
671 2555 808 2601 meorum
832 2535 925 2600 falsas
960 2537 1171 2599 accusationes
1203 2535 1262 2599 sim
1292 2536 1330 2598 ad
1361 2535 1491 2600 nihilum
1513 2550 1570 2601 'rc-

211 2625 331 2703 dactos,
356 2626 428 2690 fimo
451 2624 595 2690 infamiae
619 2625 799 2700 maculatus,
823 2623 896 2688 hinc
929 2624 997 2687 inde
1021 2641 1074 2704 por
1098 2641 1243 2701 carceres,
1275 2642 1345 2687 cnm
1380 2642 1471 2688 uxore
1502 2643 1571 2689 maa

214 2714 246 2777 et
269 2714 351 2777 natis
375 2714 463 2789 mois,
486 2714 717 2790 circumvectus,
744 2711 822 2790 ideo,
835 2714 969 2794 inquam,
982 2710 1078 2775 debeo
1091 2711 1224 2794 opprimi
1245 2711 1277 2775 et
1300 2712 1409 2793 perire,
1433 2712 1503 2777 ideo
1528 2713 1566 2776 ad

212 2801 400 2882 quorundam
423 2799 542 2885 Styriae
564 2800 805 2883 conplaccntiam
829 2800 923 2864 debeo
947 2799 1060 2864 infame
1084 2801 1247 2863 consumi?
1271 2801 1321 2882 qui
1344 2800 1431 2864 falsis
1459 2818 1495 2864 ac
1516 2802 1571 2865 do·

214 2888 288 2953 losie
312 2889 530 2964 rummoribus,
556 2889 667 2971 partim
702 2888 894 2972 pusillanimi
924 2887 1035 2952 timore
1065 2887 1220 2976 perculsi,
1254 2888 1368 2968 partim
1403 2887 1571 2953 ambitione

212 2977 373 3045 avaritiae.
397 2979 531 3042 vestram
555 2977 747 3040 maiestatem
772 2978 804 3040 ct
837 2975 1117 3052 christianitatem,
1145 2995 1199 3039 nec
1230 2976 1314 3057 prius
1346 2979 1389 3041 rei
1424 2977 1571 3040 meritum

213 3067 244 3129 et
266 3064 427 3136 veritatem
451 3065 581 3129 scrutari
616 3066 669 3129 sed
685 3063 724 3129 'ct
746 3083 801 3128 nec
821 3064 899 3128 scire
921 3063 1069 3140 volentes,
1093 3062 1125 3130 iu
1148 3063 1208 3128 mci
1243 3065 1407 3145 perniciem
1431 3067 1462 3128 et
1485 3083 1570 3129 encr-

214 3151 332 3217 sionem
352 3153 483 3218 excitare
504 3155 784 3236 praesumpserunt.

318 3240 383 3306 Nec
406 3258 462 3324 ego
486 3259 620 3324 unquam
639 3241 697 3305 hoc
720 3239 913 3304 stolliditatis
936 3243 1059 3321 peccato
1083 3257 1267 3322 peccassem,
1299 3239 1488 3305 conditiones
1523 3240 1571 3304 ni·

213 3327 327 3392 mirum
348 3330 478 3394 Vestrae
499 3329 656 3394 Maiestati
679 3327 881 3411 proponendo,
905 3327 932 3392 si
955 3327 1014 3411 ipsi
1037 3328 1227 3392 occasionem
1258 3347 1312 3393 suo
1343 3328 1400 3394 hoo
1431 3347 1509 3394 vano
1539 3330 1571 3394 et

212 3415 296 3481 sutili
309 3417 393 3480 metu
407 3418 530 3500 partim,
549 3419 585 3482 ut
597 3416 669 3495 vidi,
691 3435 814 3481 omnem
826 3416 982 3481 flammam
1007 3417 1036 3480 in
1050 3435 1098 3481 mc
1122 3416 1246 3492 sufflari,
1256 3435 1363 3480 ansam
1375 3436 1460 3482 meae
1474 3419 1571 3482 teme·

212 3504 314 3570 ritatis
335 3506 366 3569 et
388 3505 609 3587 desperationis
625 3524 684 3569 non
696 3508 881 3572 carisasscnt.
896 3505 941 3568 Da
964 3503 1073 3586 quibus
1090 3503 1351 3569 abundantissime
1364 3523 1476 3587 poenas
1489 3505 1569 3570 dadi.

318 3593 493 3670 Praeterea,
518 3596 566 3657 est
589 3593 665 3657 mihi
692 3593 776 3658 filius
810 3593 842 3658 in
873 3592 1060 3675 protectione
1092 3591 1222 3656 Vestrae
1254 3591 1437 3671 Maiestatis,
1468 3592 1564 3658 habco

214 3699 338 3745 uxorem
363 3680 415 3761 (ah
445 3681 600 3746 immerito
629 3679 844 3764 diffamatam),
876 3680 972 3744 habeo
1004 3679 1105 3758 filias,
1129 3680 1233 3763 magni
1263 3681 1395 3745 nominis
1426 3683 1569 3764 cognatos

215 3770 247 3832 ot
269 3773 422 3850 parentes,
447 3769 577 3851 denique
600 3769 747 3853 quidquid
768 3788 823 3851 par
847 3787 932 3833 meaa
956 3767 1137 3833 conditionis
1160 3768 1273 3852 aliquis
1307 3769 1416 3833 habere
1450 3770 1568 3852 potest:

214 3855 289 3920 haec
312 3858 413 3921 omnia
436 3859 508 3922 sunt
530 3856 616 3933 mihi,
640 3859 673 3922 ct
695 3875 905 3940 quemcunque
929 3855 1095 3922 Christiani
1118 3856 1201 3920 orbis
1218 3857 1390 3940 Principem
1414 3876 1448 3920 er
1473 3858 1568 3921 comi-

214 3943 365 4010 seratione
389 3963 442 4027 pro
466 3964 515 4010 me
537 3943 609 4009 fidei
629 3945 779 4010 iussorem
801 3944 913 4010 habere
938 3961 1075 4025 possem3
1105 3943 1158 4008 sed
1181 3945 1380 4010 haecomnia
1403 3945 1497 4008 densa
1520 3963 1570 4009 ca·

213 4031 277 4114 ligo
302 4034 509 4115 suspicionum
533 4033 722 4098 obtenebrat.
754 4033 820 4096 Iam
846 4032 924 4096 nihil
945 4033 1030 4096 aliud
1054 4034 1084 4096 in
1108 4032 1274 4115 perniciem
1307 4052 1408 4097 meam
1440 4031 1569 4115 proferri

214 4122 324 4202 potest,
350 4139 440 4203 quam
461 4121 542 4204 quod
566 4124 605 4185 ab
628 4121 721 4185 animi
755 4121 815 4185 mei
847 4120 1104 4204 magnanimitate
1135 4123 1167 4184 et
1197 4120 1382 4186 resolutione
1413 4121 1568 4198 laudatus,

212 4207 280 4273 ideo
304 4227 322 4273 a
345 4228 393 4272 me
416 4212 534 4273 metum
558 4209 761 4274 vindictarum
785 4209 888 4272 timeri
913 4208 1118 4290 depredicant.
1143 4209 1201 4273 His
1222 4211 1327 4274 aulam
1344 4209 1472 4273 Vestrae
1500 4208 1567 4274 Ma·

212 4295 334 4361 iestatis
357 4295 498 4378 implent,
522 4316 684 4380 meumque
706 4295 905 4362 infortunium
928 4297 1034 4361 exinde
1065 4301 1189 4380 augent.
1223 4297 1396 4362 Pessimum
1429 4296 1569 4362 inimico·

213 4403 283 4448 rum
306 4403 403 4468 genus
426 4383 596 4450 laudantes.

317 4470 415 4551 Quam
439 4474 503 4537 esto
527 4473 557 4536 in
582 4491 629 4537 mc
653 4475 758 4538 notum
781 4473 939 4550 haberent,
965 4473 1032 4537 idco
1056 4475 1159 4538 tamen
1192 4471 1318 4540 minime
1350 4478 1443 4541 atteri
1473 4477 1505 4540 et
1533 4494 1568 4540 oa

214 4558 388 4625 defraudari
412 4560 564 4626 deberem.
587 4560 693 4640 Qualis
716 4563 797 4626 enim
822 4561 918 4626 maior
941 4560 1037 4644 gloria
1060 4563 1108 4626 est
1130 4562 1287 4644 principie,
1310 4583 1403 4646 quam
1426 4564 1568 4629 subditos

211 4647 323 4712 habere
345 4649 451 4731 magni
473 4649 605 4713 nominis
628 4655 659 4712 et
682 4649 820 4733 gloriae?
855 4649 1036 4732 praesertim
1060 4650 1091 4714 in
1110 4648 1258 4725 confiniis,
1278 4650 1445 4716 Christiani
1470 4652 1568 4716 nomi-

210 4735 260 4800 nis
282 4736 423 4802 hostibus
446 4737 605 4819 oppositis.
638 4737 703 4802 Nec
726 4757 857 4820 magnus
877 4740 926 4802 est
949 4738 1099 4819 princeps,
1130 4739 1182 4820 qui
1212 4739 1323 4804 animis
1354 4739 1475 4824 magnis
1509 4758 1569 4803 non

211 4823 344 4906 imperat
365 4826 398 4889 et
418 4825 584 4908 generosis,
608 4845 663 4891 nec
686 4825 799 4909 absque
822 4826 861 4892 iis
884 4843 1019 4910 unquam
1039 4845 1072 4892 sc
1093 4825 1196 4890 timeri
1212 4825 1315 4908 iaciat,
1332 4830 1387 4894 aut
1402 4846 1570 4914 regnorum

214 4929 338 4978 suorum
357 4911 433 4978 fines
455 4912 609 4980 dilatabit.
