3550 5272
201 439 266 507 230

204 641 253 687 me
276 619 412 703 applicui
435 620 585 686 voluntati
616 640 691 687 suae
724 621 907 700 maiestatis,
940 623 1011 688 misi
1042 625 1113 688 ante
1143 624 1311 689 terminum
1336 644 1438 699 meum
1463 625 1565 691 filium

203 709 261 774 hec
284 728 355 772 cnm
387 710 601 788 declaratione,
632 709 712 792 quod
743 711 769 774 si
798 730 847 775 me
878 729 933 775 sua
958 711 1103 776 maiestas
1127 728 1270 777 caesarea
1299 714 1430 796 jusserit
1452 715 1564 792 venire,

207 796 349 861 omnibus
373 799 599 878 praetermissis
623 799 767 881 negotiis,
786 797 945 863 adnutum
960 817 1031 863 suae
1050 799 1225 882 mejestatis
1239 802 1348 877 edero;
1364 800 1448 866 illico
1461 819 1566 866 omnes

203 903 289 948 meas
320 885 602 966 correspondentias
634 885 776 950 inimicas
810 886 987 963 annihilavi,
1020 905 1076 950 nec
1100 888 1183 951 aliud
1212 906 1230 950 a
1257 890 1321 953 Deo
1351 889 1447 965 oravi,
1473 907 1566 971 quam

206 972 285 1055 quod
317 971 348 1034 in
378 973 511 1053 gratiam
545 991 621 1037 snae
656 973 831 1054 majestatis
860 975 958 1038 redire
990 975 1115 1057 possim.
1149 975 1199 1040 Sic
1231 977 1435 1040 existimando
1464 995 1512 1039 me
1535 977 1567 1041 in

206 1077 327 1124 summa
351 1060 518 1124 securitate
542 1079 618 1138 esse,
650 1063 773 1142 propter
796 1061 917 1145 parolas
941 1061 1076 1126 diversas
1101 1061 1177 1126 milri
1201 1062 1308 1140 datas3
1332 1065 1431 1127 intera
1455 1082 1491 1134 eu
1507 1081 1567 1127 una

207 1149 296 1230 parto
318 1164 483 1230 aggressus
507 1166 525 1212 a
547 1148 658 1213 comite
682 1148 818 1226 Breiner,
841 1149 880 1212 ab
897 1143 959 1212 alia
984 1150 1072 1231 parte
1090 1167 1106 1212 a
1122 1150 1309 1227 confinariis,
1333 1149 1444 1214 itidem
1461 1149 1567 1215 comiti

206 1233 334 1298 Breiner
357 1233 550 1312 concreditis,
575 1236 686 1319 quibus
710 1237 852 1300 omnibus
876 1235 1027 1301 facillima
1058 1238 1234 1302 resistentia
1268 1238 1346 1302 mihi
1370 1237 1489 1315 fuisset,
1516 1239 1568 1302 sed

204 1321 296 1398 absit,
322 1339 396 1386 suae
416 1323 588 1404 majestatis
612 1324 708 1387 armis
731 1343 781 1387 me
803 1323 990 1406 opposuisse,
1014 1325 1195 1407 praesertim
1210 1344 1280 1390 cum
1292 1325 1359 1409 jam
1377 1329 1568 1390 assecuratus

206 1407 326 1473 fueram
350 1408 387 1474 de
409 1411 542 1493 benigue
564 1410 731 1494 elementia
753 1412 870 1475 demini
891 1413 985 1476 nestri
1016 1412 1259 1477 clementistimi.

311 1495 361 1562 Sic
386 1498 507 1578 incepta
519 1499 625 1563 Insula
643 1499 780 1578 lacerari,
805 1499 907 1582 diripi,
931 1499 992 1562 vidi
1017 1503 1176 1581 praeterea
1192 1501 1230 1564 ab
1258 1501 1438 1583 interceptis
1454 1500 1568 1565 litteris

207 1584 300 1649 etiam
334 1585 544 1667 germanicum
579 1587 745 1654 exereitum
780 1586 882 1653 venire
914 1586 944 1650 in
975 1589 1163 1652 eversionem
1191 1586 1271 1652 areis
1303 1607 1373 1652 euni
1404 1589 1568 1652 tormentis

206 1670 337 1749 bellicis,
370 1672 432 1736 vidi
465 1673 543 1737 tales
573 1674 786 1739 extremitates
817 1674 1066 1757 appropinquari,
1095 1675 1178 1739 nolui
1212 1674 1315 1740 videre
1349 1677 1567 1740 malevolorum

208 1777 345 1823 meorum
369 1761 400 1823 in
425 1778 473 1824 nre
497 1760 708 1826 dishonoratus
732 1762 867 1826 actiones
892 1762 1041 1836 exerceri;
1066 1763 1096 1825 in
1113 1763 1160 1826 his
1177 1763 1377 1827 turbulentiis
1407 1764 1570 1827 conscendi

205 1843 244 1910 de
268 1848 357 1911 nocte
379 1866 491 1929 equum
515 1849 547 1912 et
569 1849 691 1913 Murem
714 1850 842 1914 fluvium
875 1851 1094 1914 transnatando
1128 1850 1187 1914 huo
1211 1851 1290 1930 veni,
1314 1851 1368 1926 ad,
1383 1851 1475 1934 pedes
1498 1869 1569 1916 snae

209 1933 384 2016 majestatis
407 1953 457 2000 me
488 1936 704 2018 provolvende.

313 2021 363 2086 Sic
387 2040 466 2086 nunc
490 2023 605 2102 Insula,
628 2041 646 2086 a
670 2025 717 2088 tot
736 2023 825 2088 annis
837 2024 962 2106 propria
979 2023 1186 2089 substantiola
1206 2029 1319 2102 nostra,
1338 2026 1430 2090 variis
1447 2026 1570 2090 casibus

208 2109 240 2173 et
262 2108 408 2191 perieulis
432 2111 581 2191 exposita,
605 2111 782 2176 discrimine
811 2113 891 2176 vitae
914 2113 1047 2188 nostrae,
1072 2112 1170 2176 multo
1193 2113 1340 2196 sanguine
1363 2114 1571 2178 indesinenter

212 2213 307 2279 usque
331 2215 410 2261 nunc
434 2198 588 2262 custodita
613 2202 644 2262 et
676 2198 810 2277 detensa,
840 2218 858 2264 a
882 2199 1065 2282 quibusdam
1095 2199 1241 2264 Valachis
1265 2203 1296 2264 et
1319 2200 1396 2265 levis
1421 2200 1568 2265 moment'

211 2283 398 2348 confiniariis
411 2284 587 2350 hominibus
611 2287 740 2368 praedae
764 2288 901 2368 exposita
923 2288 956 2350 et
969 2285 1066 2350 ruinis
1092 2291 1262 2370 aggravata
1277 2288 1333 2352 sub
1349 2289 1451 2372 specie
1467 2288 1572 2352 delen·

208 2370 304 2435 sionis
328 2371 443 2437 interit.
468 2373 554 2437 Bona
577 2377 737 2456 praeterea
756 2375 788 2437 in
812 2373 936 2438 Oroatia
954 2373 1068 2456 ubique
1091 2379 1250 2458 occupata,
1267 2376 1306 2440 ab
1322 2377 1497 2441 oeconomia
1512 2395 1571 2440 non

208 2449 309 2523 seium
334 2459 546 2524 destituuntur
569 2480 674 2525 verum
697 2463 791 2526 etiam
816 2461 854 2526 ab
878 2460 1019 2526 omnibus
1043 2461 1199 2527 dominata
1228 2464 1265 2526 ad
1298 2464 1430 2528 nihilum
1458 2462 1570 2527 sensim

208 2548 361 2628 aguntur3
385 2547 482 2611 coloni
500 2548 689 2630 depraedati,
714 2548 840 2614 mobilia
862 2549 977 2625 ablata,
1011 2550 1201 2629 provisorum
1224 2550 1401 2615 officialium
1424 2551 1498 2634 gule
1521 2569 1571 2615 sa·

206 2633 341 2715 ginatur.
366 2635 503 2717 Denique
535 2637 653 2718 majora
669 2637 779 2718 dignus
796 2655 814 2699 a
829 2636 951 2702 domino
972 2635 1027 2698 dee
1044 2655 1123 2702 nuno
1142 2638 1269 2721 peccata
1285 2656 1353 2702 mea
1365 2638 1426 2703 lno.
1445 2639 1574 2720 Propter

208 2738 286 2802 quae
310 2722 342 2785 et
365 2721 468 2787 omnia
490 2722 551 2786 alia
575 2724 616 2787 sit
638 2741 749 2788 nemen
782 2725 898 2788 domini
930 2721 1135 2788 benedictum.
1165 2723 1275 2790 Comes
1308 2725 1418 2790 Petrus
1448 2725 1572 2790 aZrin.

313 2812 352 2876 ln
375 2829 491 2876 vana:
516 2809 609 2893 Copia
630 2812 773 2876 Ersterer
795 2812 938 2877 Relation
962 2809 1034 2875 oder
1057 2809 1236 2877 Confession
1258 2814 1312 2877 des
1334 2812 1426 2878 Peter
1449 2813 1573 2880 Graffen

207 2898 372 3049 voqbffdrin.
395 2899 486 2964 Wien
511 2899 530 2962 2
554 2899 628 2983 May
653 2898 746 2963 1670.

847 3101 933 3186 379.

211 3228 306 3296 1670,
328 3227 349 3286 2
372 3225 498 3299 soltreia.
531 3225 600 3286 Bet.
637 3226 718 3286 Proo
750 3229 891 3373 ὁιρὲυρεει
919 3230 932 3286 a'
962 3246 1034 3301 pree
1065 3228 1248 3302 opraodeny'c
1269 3229 1363 3288 loacas
1386 3227 1509 3300 Flauio
1531 3227 1575 3287 K.

817 3318 1002 3389 roetoporra.

317 3433 533 3500 Sacratissima
563 3453 706 3500 caesarea
744 3436 889 3518 regiaque
927 3436 1084 3511 maiestas,
1122 3435 1242 3518 domine
1273 3432 1395 3498 domine
1427 3433 1568 3498 clemen·

214 3521 354 3586 tissime!
379 3519 507 3599 Quando
531 3525 562 3587 et
582 3523 716 3606 qualiter
739 3521 881 3588 dominus
906 3542 1007 3589 comes
1032 3523 1130 3587 banus
1158 3540 1229 3585 suos
1252 3521 1400 3600 homines,
1425 3519 1572 3586 videlicet

216 3608 374 3674 dominum
398 3610 591 3692 capitaneum
616 3609 833 3695 Bulrowatsky,
866 3613 904 3676 ad
930 3613 1099 3676 Turcarum
1125 3609 1354 3692 imperatorem,
1378 3609 1573 3691 capitaneum

215 3715 288 3762 uero
315 3696 484 3761 Berizlaviz
518 3698 550 3761 et
584 3698 741 3762 dominum
776 3699 921 3781 Poglodiz
956 3700 993 3763 ad
1027 3699 1153 3762 bassam
1188 3697 1400 3774 Bossnensem,
1424 3698 1575 3778 tanquam

218 3783 340 3848 obsides
363 3785 541 3866 expedierit,
565 3785 681 3849 nullam
705 3787 828 3868 penitus
850 3785 945 3852 habui
969 3787 1122 3850 notitiam.
1143 3785 1252 3862 Immo,
1278 3803 1350 3849 cum
1371 3784 1442 3866 post
1456 3782 1575 3866 aliquot

216 3870 281 3934 dies
316 3871 452 3952 ipsorum
483 3872 635 3937 discessus
668 3875 850 3939 accesserim
878 3873 1052 3957 praefatum
1084 3871 1230 3937 comitem
1254 3872 1369 3935 benum
1392 3869 1575 3954 penetrandi

216 3957 316 4041 gratia
344 3959 534 4039 superiorum
560 3961 692 4041 partium
725 3961 847 4025 nonalia
880 3962 971 4046 (quae
1002 3961 1097 4025 etiam
1129 3978 1189 4023 non
1221 3959 1376 4024 intermisi
1398 3959 1480 4024 omni
1503 3978 1574 4023 cum

217 4045 404 4128 synceritate
426 4046 686 4112 excellentissimo
720 4047 844 4113 domino
867 4049 972 4113 comiti
996 4047 1125 4112 Alberto
1147 4065 1166 4110 a
1188 4044 1385 4111 Oinzendorff
1404 4047 1576 4111 communi-

210 4132 311 4215 care):
335 4149 442 4196 eorum
466 4132 620 4217 ablegatio
644 4136 753 4200 necin
786 4136 914 4200 minimo
945 4135 1005 4201 fuit
1035 4135 1112 4200 mihi
1136 4134 1380 4207 communicata3
1405 4134 1457 4197 sed
1479 4135 1574 4196 redux

212 4221 335 4290 dunum
358 4223 431 4302 post
453 4220 530 4284 duas
554 4225 608 4286 aut
629 4225 692 4286 tres
720 4221 908 4306 septimanas
931 4223 1031 4305 primo
1066 4241 1085 4287 a
1107 4222 1413 4304 correspondentibus
1437 4239 1472 4284 er
1494 4219 1574 4284 Tur·

212 4307 260 4371 eia
282 4306 376 4372 habui
400 4306 579 4373 relationem
604 4309 689 4374 illius
713 4311 887 4392 inopinatae
911 4311 1079 4386 missionis,
1111 4310 1169 4390 cui,
1193 4312 1229 4373 ut
1250 4328 1358 4374 uerum
1381 4306 1492 4384 fatear,
1517 4325 1573 4371 neo

211 4393 304 4459 fidem
328 4413 384 4460 nec
407 4413 497 4460 aures
529 4397 672 4476 praebere
702 4397 792 4477 volui,
824 4401 962 4462 attamen
991 4397 1171 4462 curiositate
1203 4396 1313 4460 duetus
1344 4394 1497 4459 insinuavi
1520 4412 1571 4458 me

211 4483 293 4564 apud
314 4482 460 4547 comitem
481 4483 519 4548 de
543 4484 587 4548 rei
610 4485 750 4560 veritate,
770 4503 789 4548 a
813 4504 871 4569 quo
891 4486 922 4548 in
945 4501 1127 4566 responsum
1152 4483 1254 4560 habui,
1279 4503 1345 4548 esse
1365 4501 1466 4548 meras
1482 4481 1573 4547 fabu-

212 4569 350 4646 lationes,
376 4571 410 4636 in
432 4571 543 4636 effectu
567 4576 672 4636 autem
694 4573 768 4638 illes
792 4574 915 4638 misisse
938 4573 970 4637 in
996 4571 1184 4654 superiorem
1208 4571 1401 4654 Hungariam
1418 4571 1450 4634 et
1466 4573 1571 4652 partes

211 4657 463 4741 Transylvaniae,
503 4677 556 4741 pro
592 4659 778 4725 stabiliendo
811 4661 859 4724 sui
892 4660 947 4726 filii
979 4659 1183 4725 matrimonio.
1215 4659 1312 4740 Super
1336 4658 1394 4722 hoc
1417 4655 1570 4740 acquieui,

212 4743 407 4828 aliorumque
431 4745 662 4811 vociferationes
683 4748 866 4830 contempsi.
891 4747 979 4813 Vnde
1003 4747 1243 4812 clementissime
1267 4745 1444 4829 imperator,
1468 4743 1571 4827 prima

212 4831 366 4916 principia
389 4851 424 4897 ac
446 4835 605 4898 institutio
628 4834 833 4916 utlagationis
854 4835 931 4900 mihi
955 4834 1045 4899 nullo
1063 4835 1152 4899 modo
1167 4834 1292 4900 luerunt
1307 4831 1438 4912 conscia,
1464 4830 1569 4896 minus
