3472 5294
208 415 274 486 556

843 599 935 684 634.

215 739 356 818 lrojodtoj
380 739 476 804 Petra
500 740 702 820 Pratinstopc
724 746 735 802 i
758 743 873 819 Froaje
904 743 1082 818 spolianda,
1106 741 1327 818 pacomodnito
1349 743 1394 802 br.
1407 742 1528 815 firma,
1555 757 1577 801 o

215 833 402 907 tonfistaciji
425 828 540 892 dohoru
562 835 574 892 a'
595 833 705 892 imellru
727 833 819 892 Petra
854 832 1020 908 Zrinslcopo
1044 837 1053 892 i
1076 833 1129 893 nr.
1166 832 1380 906 Ftuntopano,
1403 832 1415 890 ι’
1436 830 1577 904 ajihoefh

211 921 362 996 cristata:
397 919 541 995 Stjupcnc
563 923 575 980 a·
598 921 712 994 Frunja
743 921 913 988 loonooitc,
945 919 1041 981 Petra
1065 919 1202 990 Osmida,
1236 919 1382 994 Stjepunc
1412 919 1577 992 Verebelja,

213 1007 308 1083 (ἤτινα
329 1008 491 1080 Melaniae,
514 1010 681 1069 Baltasara
703 1010 867 1084 Popleditu,
891 1010 1005 1084 Ftacaie
1038 1009 1264 1084 Buleooudlcopa,
1288 1009 1403 1082 Frenis
1436 1007 1575 1066 Berisla·

211 1097 279 1158 vitu
300 1099 312 1156 i
336 1095 476 1171 chpcrc
512 1081 642 1168 Goloida,
676 1098 745 1170 toja
772 1099 806 1171 jo
840 1098 1036 1172 tonfisbcciju
1066 1098 1206 1157 lausduno
1228 1097 1266 1156 od
1290 1099 1330 1156 19
1353 1097 1470 1170 mdccc
1491 1096 1577 1155 do2

680 1185 843 1249 .tolouorc
867 1188 953 1245 1670
972 1187 1087 1260 podice.

321 1306 444 1371 Relatio
478 1307 705 1373 confiscationis
741 1307 952 1373 universorum
988 1307 1136 1372 bonomm
1169 1307 1316 1372 comitum
1339 1306 1424 1371 Petri
1447 1323 1466 1368 a
1487 1305 1574 1382 Zrin,

217 1401 248 1461 et
270 1394 428 1461 Francisci
451 1394 624 1472 aTernaca,
646 1395 923 1479 nonnullorumque
946 1396 1084 1473 aliorum,
1110 1394 1217 1459 iisdem
1243 1395 1409 1460 comitibus
1432 1393 1463 1457 in
1486 1392 1577 1457 dote-

215 1483 320 1548 stabili
353 1483 519 1548 rebellione
553 1487 660 1549 contra
695 1503 782 1548 suam
818 1485 1060 1550 sacratissimam
1096 1483 1292 1547 Maiestatem
1326 1481 1575 1558 adhaerentium,

214 1591 270 1653 pen
292 1589 344 1635 nos
369 1570 507 1636 Petrum·
522 1573 693 1657 Prasinnlry
725 1575 757 1636 et
779 1573 978 1638 Francisoum
1010 1571 1190 1654 Spoliarioh,
1214 1589 1317 1636 sacrae
1341 1588 1499 1636 caesareae
1522 1588 1574 1632 re-

213 1661 341 1743 giaeque
365 1659 538 1724 maiestatis
569 1659 712 1744 capitalis
743 1661 917 1726 tricesimae
946 1659 1158 1725 Nedelicensis
1191 1661 1364 1724 exactorem
1396 1660 1428 1722 et
1450 1657 1575 1723 contra-

216 1747 368 1821 scribam,
400 1747 485 1812 velut
517 1749 584 1814 fisci
610 1749 687 1830 regii
719 1749 937 1820 mandator-ios.
974 1767 1044 1812 cum
1068 1747 1245 1832 patentibus
1280 1746 1393 1812 litteris
1416 1744 1578 1830 praefatae

217 1854 290 1901 suae
314 1835 543 1900 sacratissimae
566 1837 739 1902 maiestatis
771 1855 825 1902 nec
848 1855 908 1902 non
939 1837 1073 1922 inclytae
1103 1855 1242 1901 camerae
1271 1835 1460 1918 hungaricae
1483 1849 1578 1916 poso-

217 1924 332 1988 niensis
356 1924 571 1990 commissione
595 1943 631 1990 ac
654 1926 855 1990 instructione
877 1927 915 1990 ad
938 1926 969 1990 id
992 1925 1167 2007 specialiter
1183 1925 1330 1990 exmis'sos
1353 1926 1385 1988 et
1405 1923 1576 2004 delegatos,

217 2011 308 2076 modo
329 2013 361 2076 et
383 2013 486 2076 ordine
509 2013 716 2096 infrascripto,
735 2015 849 2096 partim
869 2013 972 2092 simul,
997 2015 1109 2097 partim
1135 2031 1206 2077 sero
1230 2013 1352 2077 divisim
1377 2013 1529 2094 peractae.

321 2097 405 2178 Quae
429 2099 551 2182 quidem
575 2101 749 2166 confiscatio
772 2104 959 2167 attactorom
984 2102 1132 2168 bonorum
1157 2101 1211 2167 tali
1244 2100 1333 2166 modo
1357 2099 1500 2164 inchoata
1524 2117 1578 2162 ex-

215 2188 358 2253 stitisset.

318 2275 359 2340 ltt
381 2275 480 2358 primo
503 2279 533 2342 in
557 2296 681 2362 ragno
715 2276 934 2344 Slavoniae
968 2279 999 2342 in
1022 2295 1131 2359 campo
1155 2275 1363 2354 Varasdiensi,
1387 2277 1472 2340 extra
1493 2275 1578 2340 bona

215 2364 415 2447 pignoratitia
439 2363 640 2450 Stephani
659 2365 901 2442 Ivauovich,
922 2367 1039 2432 curiam
1064 2365 1206 2452 videlicet
1229 2365 1434 2442 nobilitatem,
1457 2363 1577 2428 curiam

215 2451 416 2534 Stephani
450 2451 678 2520 l'vanovich
713 2473 783 2520 oum
816 2453 929 2520 colonis
964 2454 1138 2537 quindecim
1161 2455 1193 2518 in
1227 2453 1418 2538 possessione
1451 2449 1579 2516 Nede-

214 2540 365 2619 lianez‚
389 2541 512 2606 omnino
536 2543 568 2607 in
591 2543 739 2608 comitatu
758 2541 958 2608 Varasdiensi
979 2542 1158 2607 existentem
1183 2545 1215 2606 et
1237 2542 1385 2618 habitam,
1410 2541 1574 2623 praesente

217 2627 341 2712 egregio
365 2628 484 2695 Joanne
506 2631 600 2714 Kysa,
635 2630 764 2696 iudlium
796 2631 932 2714 ejusdem
964 2631 1129 2696 comitatus
1160 2629 1374 2696 Varasdiensis
1398 2631 1430 2694 et
1451 2626 1579 2711 egregio

216 2716 371 2782 Ludovico
394 2713 500 2795 Saron,
534 2719 663 2802 aliisque
687 2721 789 2784 sotum
813 2723 845 2784 et
878 2719 994 2784 ibidem
1028 2719 1230 2784 existentibus
1262 2721 1294 2784 et
1315 2717 1502 2794 constitutis,
1527 2713 1579 2779 die

217 2804 278 2871 l9a
301 2805 418 2870 Mensis
442 2807 518 2890 blaij
541 2808 584 2872 in
603 2826 681 2872 anno
714 2808 851 2873 currenti
890 2808 982 2872 1670.
1007 2805 1243 2889 aprehendimus
1277 2807 1310 2870 et
1331 2803 1578 2871 confiscavimus.

216 2892 329 2959 Eadem
354 2893 437 2958 ouria
461 2896 492 2958 et
517 2896 595 2960 bona
626 2898 696 2961 ante
721 2899 856 2960 nostram
890 2895 1139 2962 confiscationem
1162 2914 1217 2978 per
1238 2894 1355 2960 milites
1378 2890 1577 2958 confiniarios

215 2980 339 3047 confinii
363 2981 552 3048 Ivaniounsis
567 2989 639 3048 sunt
659 2983 827 3049 devastata.
851 2983 939 3050 Unde
962 3003 1010 3048 res
1026 2983 1156 3050 mobiles
1172 2983 1290 3049 ibidem
1313 2983 1394 3047 aliae
1417 3000 1477 3046 uon
1500 2981 1575 3044 sunt

217 3071 370 3144 inventae,
399 3072 521 3153 praeter
551 3071 684 3154 quinque
714 3091 837 3137 acervos
872 3072 1015 3155 siliginis,
1046 3072 1193 3136 frumenti
1218 3089 1288 3136 voro
1312 3069 1391 3135 milii
1414 3071 1447 3134 in
1471 3067 1578 3152 granis

219 3155 398 3223 constitutis
438 3160 603 3225 metrettae
638 3179 701 3225 nro.
730 3161 780 3236 12,
816 3159 891 3224 item
922 3161 1024 3243 panici
1057 3161 1220 3225 metrottae
1252 3178 1315 3224 nro.
1349 3157 1402 3222 25.
1426 3155 1578 3221 Officialis

220 3248 268 3310 est
291 3245 407 3310 ibidem
431 3248 620 3312 constitutus
637 3249 779 3329 providus
795 3248 931 3313 Mathias
950 3246 1074 3332 Spancz.
1100 3246 1275 3313 Praemissa
1293 3247 1380 3312 curia
1393 3244 1580 3311 Nedeliancz

221 3353 291 3400 oum
315 3332 430 3398 colonis
453 3335 561 3401 decem
588 3335 682 3401 nobili
705 3336 846 3401 dominae
873 3334 982 3401 Annae
997 3337 1162 3412 Rassauor,
1188 3336 1322 3401 consorti
1338 3333 1486 3417 Stephani
1508 3333 1580 3398 lra-

222 3422 340 3496 novioh,
364 3439 457 3505 quam
472 3423 510 3487 ad
533 3443 566 3488 se
589 3424 742 3507 pertinere
758 3426 996 3506 comprobasset,
1019 3443 1054 3489 ex
1078 3423 1257 3488 comissione
1276 3423 1383 3508 inclyti
1405 3419 1582 3486 consistorii

218 3511 268 3574 die
290 3508 352 3574 28a
377 3511 492 3575 mensis
512 3511 592 3578 Julii
623 3512 754 3576 remissa
786 3513 818 3577 et
838 3512 994 3596 resignata
1026 3516 1084 3578 est.
1100 3511 1131 3596 *)
1155 3511 1271 3577 Eodem
1293 3510 1343 3575 die
1364 3510 1579 3594 praesentibus

218 3597 329 3664 iisdem
359 3598 489 3663 iudlium
524 3601 557 3664 et
590 3600 744 3666 nobilibus
777 3602 894 3665 certam
929 3601 1022 3666 aliam
1054 3602 1171 3666 curiam
1205 3602 1237 3665 et
1266 3598 1346 3664 bona
1378 3596 1579 3681 pignoratitia

219 3686 440 3753 Francisoi
462 3686 689 3753 Ivanouich
712 3689 743 3751 in
756 3690 944 3770 posscssione
965 3689 986 3754 J
997 3689 1186 3763 allrouca,
1207 3687 1324 3752 curiam
1337 3686 1495 3753 Francisci
1508 3685 1580 3750 Iva-

220 3775 340 3850 novich,
365 3792 434 3838 cum
447 3775 562 3840 colonis
575 3776 700 3850 ibidem,
723 3777 847 3841 omnino
859 3777 890 3840 in
913 3776 994 3842 dicto
1011 3777 1160 3842 comitatu
1174 3775 1371 3842 Varasdiensi
1393 3774 1579 3839 existentem

219 3867 252 3927 et
263 3861 403 3926 habitam
421 3865 662 3929 confiscavimns.
686 3865 772 3930 Haec
784 3883 901 3947 quoque
914 3866 998 3930 curia
1010 3885 1063 3948 per
1080 3865 1195 3930 milites
1207 3865 1329 3930 confinii
1342 3853 1504 3928 trisiensis
1529 3879 1582 3926 aa·

219 3953 303 4016 stata
326 3952 358 4014 et
379 3953 445 4016 tota
466 3952 604 4018 desolata
628 3956 685 4018 est.
710 3953 772 4017 Res
795 3952 925 4018 mobiles
947 3972 983 4018 er
1004 3953 1110 4018 eadem
1133 3954 1260 4028 curiam,
1295 3952 1342 4017 nti
1376 3951 1493 4028 vinum,
1515 3949 1583 4014 fm-

221 4041 369 4116 mentum,
405 4058 540 4117 mensae,
578 4040 683 4118 sollae,
718 4043 870 4124 imagines
894 4043 924 4105 et
955 4041 1071 4124 reliqua
1094 4043 1238 4106 universa
1261 4038 1429 4123 suppellex,
1459 4040 1583 4121 praeter

222 4147 267 4202 ea,
291 4145 368 4209 quae
391 4128 484 4211 paulo
508 4130 578 4211 post
600 4127 866 4212 specificabuntur,
902 4149 955 4212 per
986 4131 1106 4194 eosdem
1141 4128 1334 4195 confluiarios
1369 4132 1443 4192 sunt
1464 4127 1581 4192 ablata.

223 4213 373 4280 officialis
397 4216 429 4280 iu
452 4218 561 4281 iisdem
595 4217 681 4282 bouis
713 4219 900 4283 constitutus
934 4217 1091 4300 providus.
1116 4267 1122 4283 .
1149 4270 1155 4282 .
1179 4217 1306 4300 Reperti
1341 4217 1446 4281 autem
1466 4213 1582 4280 ibidem

160 4317 165 4329 ·
221 4304 294 4367 sunt
328 4303 442 4369 bonib
478 4305 579 4384 hores,
615 4323 677 4369 una
708 4305 829 4371 caballo
863 4325 931 4370 cum
966 4306 1073 4370 hinulo
1107 4309 1138 4370 et
1174 4306 1298 4389 pannioi
1330 4305 1492 4369 metrettae
1529 4301 1582 4366 28.

259 4479 291 4566 ¹⁸²)
315 4479 411 4564 Ovdje
437 4479 622 4566 priobinjem
645 4481 744 4563 pismo
767 4479 913 4565 Stjepana
935 4479 1098 4548 Ivanovic'a
1121 4483 1157 4546 iz
1181 4481 1389 4547 Lestovca
1411 4479 1455 4544 od
1479 4479 1500 4542 6
1520 4477 1583 4544 lro-

308 4569 449 4672 loyona
480 4568 570 4648 1672,
591 4568 742 4648 odnosete
766 4589 797 4634 se
819 4588 859 4635 na
886 4569 1085 4654 honfialmciju
1106 4571 1235 4654 njegova
1256 4569 1373 4634 imetlra
1395 4569 1406 4632 i
1429 4586 1468 4632 na
1491 4571 1584 4634 urotu

309 4656 792 4811 zrlfizrlirorillfigrzkhlqglsltsssilsls·imae
808 4745 1010 4826 dominationi
1035 4749 1154 4812 vestrae
1178 4765 1231 4829 per
1254 4745 1411 4829 presentes
1435 4743 1586 4810 informa·

309 4832 424 4897 tionem
449 4833 599 4917 quandam
618 4834 820 4928 etservitium
839 4852 912 4902 suae
929 4852 1007 4900 sacr.
1025 4835 1198 4900 maiestatis
1215 4852 1306 4917 quam
1329 4832 1464 4899 fideliter
1487 4831 1585 4898 fuisse
