3488 5294
231 409 297 482 500

233 589 353 660 Petri
382 607 402 656 a
432 585 574 664 Zrinic
605 589 785 676 Bosjako
814 545 999 674 nuncupata,
1033 592 1065 658 in
1088 589 1181 656 cottu‘
1208 586 1403 674 aagrabianei
1425 582 1598 652 essaeus
1730 649 1731 658 ,

231 679 391 754 athabitu,
414 682 582 759 assumptis
597 683 755 748 nobiscnm
771 681 904 765 egregiis
919 678 1047 746 Nicolae
1063 678 1223 744 Pieachioh
1238 683 1270 744 et
1278 677 1398 744 Jcanne
1407 674 1595 758 Oeegovictr,

230 785 291 834 nno
312 767 478 845 crisiensis,
502 767 600 835 altero
622 769 832 853 uagrabiensis
856 769 1092 836 commitatunm
1109 767 1175 834 uice
1199 767 1477 847 iudliumatiisque
1500 762 1594 828 nobi·
1727 843 1731 860 ,

229 856 312 922 libus
333 855 446 920 ibidem
468 857 671 924 existentibus
694 861 726 922 et
737 857 914 924 constitutis
937 857 985 922 die
999 860 1029 924 4.
1041 855 1191 940 praedicti
1215 859 1333 924 mensis
1353 853 1434 941 junii
1457 852 1490 917 in
1504 867 1590 917 anno

232 943 318 1010 1670
339 944 438 1026 primo
461 945 613 1012 curiam
642 965 735 1012 onam
756 945 789 1010 in
812 946 984 1028 possesione
1007 947 1174 1013 sunctae
1197 945 1404 1020 Helenae,
1427 939 1592 1023 pertinen·

230 1032 284 1098 tiis
304 1029 425 1096 castelli
446 1028 589 1115 Bosjatm,
613 1033 645 1099 in
668 1032 750 1100 dicto
761 1036 845 1100 cotto
857 1033 1048 1118 eagrabiensi
1062 1033 1246 1101 existentem
1260 1039 1292 1102 et
1313 1034 1455 1100 habitam
1478 1029 1592 1095 ocutis·

110 1201 113 1211 Ι
231 1122 386 1196 cauimusa
407 1119 445 1184 ad
466 1122 595 1186 eandem
615 1123 732 1188 curiam
754 1122 853 1188 coloni
876 1141 930 1206 per
954 1125 1018 1192 tres
1042 1122 1109 1190 dies
1131 1125 1164 1189 in
1186 1126 1315 1202 aestate,
1339 1123 1371 1187 in
1394 1120 1592 1203 hyemesero

230 1229 284 1294 pcr
305 1209 380 1274 duos
396 1207 462 1274 des
485 1209 652 1276 servientes
675 1213 748 1276 sunt
770 1229 897 1276 numero
920 1211 978 1287 14;
1000 1231 1055 1296 par
1077 1211 1154 1278 dnos
1174 1212 1326 1279 verodios
1349 1211 1381 1276 in
1404 1205 1532 1286 seno,
1556 1207 1594 1272 et

230 1297 263 1364 in
285 1299 386 1364 hieme
409 1315 462 1378 per
483 1315 578 1362 unum
590 1299 672 1364 diem
694 1299 863 1364 servientes
886 1303 958 1365 sunt
980 1319 1106 1368 numem
1129 1300 1178 1365 20.
1204 1301 1324 1368 Vineae
1347 1297 1453 1365 autem
1475 1293 1594 1359 addic-

231 1389 296 1454 tam
318 1384 434 1450 curiam
457 1387 631 1467 spectantes
654 1387 718 1452 tres
740 1389 821 1464 eunt,
853 1387 885 1452 in
907 1390 972 1454 toto
994 1391 1032 1454 ad
1062 1390 1195 1454 fossores
1217 1389 1345 1455 circiter
1372 1385 1427 1452 90.
1475 1381 1508 1448 In
1530 1383 1595 1448 ieta

231 1474 317 1542 cama
339 1491 389 1538 res
406 1472 534 1539 mobiles
546 1474 647 1541 nullae
670 1474 758 1558 plane
779 1477 853 1540 sunt
873 1475 1033 1552 inuentam
1057 1495 1129 1542 nam
1152 1497 1206 1560 per
1229 1477 1393 1550 domiuum
1405 1468 1595 1554 discrepem,

233 1560 417 1632 colonellum
439 1559 663 1641 iaanicensem,
695 1567 727 1629 et
748 1563 889 1630 homines
911 1565 1048 1647 eiusdem
1071 1583 1177 1632 omnes
1208 1567 1274 1632 tam
1298 1584 1335 1631 ex
1362 1561 1468 1639 curia,
1499 1577 1595 1644 qnam

233 1673 304 1721 vero
327 1648 396 1716 aliis
430 1651 624 1732 pertinentiis
647 1650 685 1717 ad
716 1651 879 1718 castellum
902 1652 1035 1736 Bosjako
1069 1657 1163 1737 mont
1184 1673 1221 1719 ex
1250 1655 1318 1737 ipso
1343 1652 1441 1717 etiam
1466 1645 1596 1712 casada

233 1745 305 1809 eunt
335 1738 480 1820 direptae,
503 1757 581 1822 quae
614 1740 694 1806 infra
724 1739 851 1805 uberius
872 1743 1141 1824 specificabuntor.
1186 1741 1358 1809 Odicialem
1381 1755 1452 1802 uero
1475 1735 1593 1801 ibidem

233 1825 451 1898 constituimus
475 1827 683 1908 providum...
706 1829 781 1894 Inde
804 1828 916 1895 ivimus
939 1831 977 1896 ad
1001 1831 1095 1897 aliam
1117 1832 1233 1898 curiam
1255 1827 1477 1896 Maikovca
1498 1841 1594 1908 qnam
1725 1845 1731 1866 ⁴

233 1921 299 2004 pari
328 1913 416 1980 modo
438 1915 687 1996 contemnimus,
724 1916 818 1982 nullis
840 1916 956 1983 ibidem
979 1938 1097 2004 quoque
1131 1920 1222 1986 rebus
1245 1915 1414 1984 mobilibus
1446 1911 1595 1996 repertis.

233 2007 285 2074 Ad
306 2007 386 2072 hanc
408 2005 525 2068 curiam
556 2003 655 2069 coloni
687 2024 741 2088 per
763 2008 826 2072 tres
850 2006 969 2072 diesin
992 2009 1126 2086 aestate,
1158 2007 1190 2074 in
1213 2007 1316 2073 hieme
1343 2019 1414 2070 vero
1439 2017 1495 2085 per
1517 1999 1596 2066 duos

234 2095 300 2161 dies
324 2089 493 2160 servientes
515 2095 587 2158 sunt
610 2111 737 2159 numero
759 2093 790 2172 «t,
814 2112 870 2177 per
892 2095 969 2162 duos
993 2115 1063 2162 vero
1086 2097 1151 2162 dies
1173 2096 1205 2162 in
1228 2095 1347 2163 aestate
1371 2109 1426 2174 per
1451 2089 1596 2155 nnumin

235 2184 336 2250 hieme
367 2180 534 2245 servientes
569 2185 641 2246 eunt
671 2200 798 2249 numero
825 2181 872 2246 13.
898 2183 1011 2250 Vineae
1045 2184 1084 2250 ad
1107 2184 1236 2250 eandem
1267 2183 1385 2248 curiam
1418 2177 1597 2262 spectantes

235 2269 370 2338 suntad
393 2265 525 2334 fossores
547 2269 672 2336 circiter
693 2269 745 2334 60.
769 2269 941 2338 officialem
964 2271 1080 2338 ibidem
1103 2272 1322 2340 constituimus
1344 2265 1530 2354 providum.

340 2357 419 2438 Quia
442 2374 513 2422 roro
535 2357 629 2422 etiam
660 2357 892 2425 adhaerentium
926 2361 1092 2428 comitibus
1116 2362 1209 2428 Petro
1240 2379 1260 2426 a
1283 2357 1356 2424 Zrin
1377 2357 1409 2422 et
1432 2353 1598 2420 Francisco

237 2445 405 2513 auersam
430 2445 509 2510 bona
529 2445 687 2512 confiscari
709 2447 741 2512 in
764 2448 904 2514 comissis
926 2447 1103 2526 habuimus,
1138 2448 1380 2532 Stephanus
1401 2445 1506 2510 summ
1529 2443 1599 2508 Va·

237 2535 383 2619 rebely
407 2533 439 2598 in
461 2535 652 2616 possessione
676 2533 940 2615 Statoroucz,
966 2538 1161 2620 pertiuentiis
1184 2538 1277 2604 castri
1301 2532 1450 2618 Bosjako,
1480 2532 1599 2597 centnm

240 2621 359 2688 curiam
382 2639 442 2687 non
465 2621 570 2704 procul
592 2621 720 2706 abipso
742 2623 871 2689 castello
893 2623 1061 2691 distantem
1086 2645 1155 2692 oum
1179 2624 1299 2709 aliquot
1323 2621 1439 2688 colonis
1461 2619 1599 2703 posside-
1729 2603 1731 2638 ⁵

242 2711 306 2788 bat,
329 2710 398 2775 ideo
420 2728 476 2793 per
496 2711 664 2775 transitum
686 2729 754 2776 eam
778 2729 896 2796 qnoque
912 2713 1030 2778 curiam
1052 2733 1122 2780 cum
1145 2715 1212 2781 sais
1229 2709 1428 2797 pertinentiis
1450 2707 1599 2774 confisca-
1729 2769 1730 2778 ,

241 2798 351 2864 vimus.
374 2797 489 2864 Verum
513 2797 586 2881 quia
602 2799 681 2865 idem
696 2798 868 2882 Stephanus
890 2801 1043 2887 Verebely
1067 2801 1184 2888 inclyto
1206 2798 1388 2868 consistorio
1409 2814 1464 2880 pro
1486 2797 1597 2862 remb-

242 2887 325 2952 sione
348 2889 381 2952 et
416 2885 628 2952 resxecutione
661 2888 824 2954 eorundem
858 2889 1006 2956 bonorum
1040 2891 1187 2974 mnqnam
1220 2904 1401 2955 uxoreorum
1429 2884 1598 2950 demissam
1729 2885 1730 2906 ²

168 3057 171 3068 Ἰ
240 2973 365 3041 fecisset
386 2973 579 3052 instantiam,
602 2993 719 3060 nosque
730 2975 891 3059 superinde
914 2979 1127 3045 comissionenn
1151 2981 1191 3046 ab
1214 2977 1334 3062 inclyto
1357 2972 1599 3040 consistoriano-

244 3064 441 3148 oepissemue,
464 3065 500 3129 ut
521 3063 613 3128 rebns
635 3063 680 3129 siu
702 3064 857 3131 stantibus
879 3068 1012 3132 consorti
1028 3065 1166 3151 ejusdem
1183 3065 1334 3150 Stephani
1344 3061 1500 3150 Verabely
1511 3079 1600 3146 prae-

245 3153 361 3256 scripta
382 3153 463 3218 bona
492 3171 760 3235 rememoremur,
790 3171 868 3238 quae
897 3173 953 3220 nos
975 3158 1132 3240 comperta
1153 3156 1198 3224 rei
1222 3153 1353 3222 ueritate
1377 3152 1457 3218 bona
1491 3169 1598 3218 eumue

242 3243 418 3394 exacutam·
442 3343 535 3410 passu
558 3329 665 3396 eadem
688 3329 737 3394 die
761 3330 793 3396 et
817 3347 921 3398 coram
946 3330 1056 3397 iisdem
1079 3330 1116 3396 V.
1139 3329 1280 3397 Judlimn
1304 3331 1422 3396 certam
1445 3328 1599 3412 quandam

243 3419 398 3486 curiam
419 3413 615 3484 Satanicb
638 3421 855 3500 nuncupatam,
879 3437 971 3508 prope
994 3418 1145 3486 oasblnm
1172 3418 1316 3503 BoeJabo,
1339 3435 1410 3484 cum
1427 3417 1498 3482 octe
1519 3416 1600 3482 coic-
1729 3411 1730 3421 ’

242 3507 291 3573 nis
312 3506 345 3572 in
368 3504 486 3571 aestate
508 3523 562 3587 par
584 3507 647 3572 tres
671 3506 701 3571 in
726 3505 835 3590 hyeme
856 3525 929 3572 uere
953 3527 1007 3590 per
1031 3508 1106 3576 duos
1129 3507 1196 3573 dies
1219 3507 1398 3583 servientes,
1422 3502 1600 3571 confiscavi-

241 3615 329 3672 mns;
359 3594 435 3660 haec
461 3591 541 3657 bona
562 3595 778 3660 antecedenter
812 3594 935 3662 fuerunt
957 3595 1218 3680 sigismundi
1250 3595 1526 3678 Saantobazy,
1550 3592 1600 3658 da·
1728 3617 1729 3620 ²

240 3683 312 3750 inde
335 3701 390 3766 per
422 3678 569 3746 comitem
589 3683 718 3750 Petrum
742 3701 761 3748 a
783 3681 887 3749 Zrinio
910 3686 1059 3769 occupata
1091 3688 1122 3749 et
1145 3683 1324 3768 Georgia
1347 3679 1599 3749 Matiniohio
1728 3717 1729 3720 =

240 3771 358 3838 tradita
380 3772 411 3836 et
431 3767 544 3834 collata
567 3769 669 3848 inere,
704 3771 814 3838 deindo
836 3774 974 3855 tempore
1006 3771 1095 3838 iilius
1116 3772 1295 3850 seditionis,
1323 3771 1356 3836 in
1379 3787 1486 3836 menae
1509 3767 1598 3853 aprili

240 3877 321 3926 anno
345 3857 464 3926 carenti
491 3855 585 3935 1670,
618 3878 672 3943 per
702 3859 861 3926 dominum
891 3861 1073 3927 colonellnm
1098 3861 1308 3928 Isanicensem
1341 3857 1500 3942 resignata
1529 3859 1600 3923 sunt

240 3947 479 4030 aioeoapitaneo
492 3945 657 4024 Patriciae,
681 3947 732 4030 qui
755 3948 896 4014 relictam
908 3949 1099 4033 sigismundi
1107 3949 1299 4034 Snantohaay
1314 3947 1347 4012 in
1358 3963 1485 4012 uxorem
1501 3943 1599 4012 duxit.
1728 3949 1729 3970 ¹

241 4037 282 4104 dt
305 4033 459 4120 siqnidem
482 4033 561 4100 bona
584 4036 645 4100 ieta
668 4053 741 4118 prae
760 4037 902 4102 manibus
925 4036 992 4104 fisci
1014 4037 1092 4120 regii
1116 4038 1229 4114 essent,
1262 4035 1477 4122 perlustranda
1498 4033 1599 4100 meent
1728 4077 1729 4116 ρ

242 4127 327 4208 prius
349 4121 484 4190 litoralia
498 4122 716 4190 instrumentis
736 4125 898 4191 memorati
921 4125 1159 4208 rice-capitanei
1173 4125 1336 4196 Petriniae,
1359 4126 1525 4206 annonam
1550 4121 1595 4187 illi

242 4213 320 4278 bona
342 4211 405 4278 ista
426 4211 671 4296 resignarentur;
697 4231 768 4278 nam
793 4214 924 4280 nonnisi
946 4214 990 4279 sic
1013 4213 1158 4281 dicuntur
1180 4215 1260 4280 bona
1281 4211 1345 4290 illa,
1362 4210 1459 4276 etiam
1483 4211 1598 4295 perde·
1727 4227 1729 4320 ,

242 4299 357 4366 fectum
377 4299 505 4364 seminis
527 4299 613 4366 illins
636 4299 783 4375 familiae,
807 4321 826 4368 a
847 4320 908 4385 quc
930 4302 1032 4368 dictus
1053 4301 1269 4387 sigismundus
1282 4299 1472 4384 Suuntohaay
1495 4299 1597 4364 eadem

242 4389 322 4454 bona
343 4385 403 4453 sibi
426 4390 651 4470 comparuerat,
665 4387 736 4472 jure
760 4391 883 4472 quidem
900 4390 1060 4474 perennali
1083 4391 1136 4456 sed
1154 4391 1220 4456 sine
1242 4407 1391 4456 consensu
1414 4387 1511 4472 regio,
1533 4403 1599 4452 om-
1726 4371 1728 4420 t

244 4477 315 4542 nino
337 4493 405 4541 esse
427 4475 572 4541 devoluta
595 4475 625 4541 in
651 4475 758 4542 ussum
783 4477 914 4562 regium.

347 4561 530 4630 Confiecatis
564 4564 818 4646 praecedentibus
852 4565 946 4632 curiis
969 4569 1002 4634 et
1025 4565 1123 4644 benis,
1153 4565 1254 4631 adbuc
1275 4563 1332 4630 illa
1352 4563 1462 4630 eadam
1485 4563 1535 4630 die
1554 4561 1599 4628 in·
1727 4563 1728 4566 ’

245 4651 345 4737 gressi
368 4670 475 4717 sumus
487 4652 648 4718 castellum
668 4653 745 4719 Bos
751 4653 863 4736 jetro,
887 4656 966 4739 qnod
987 4674 1057 4721 oum
1081 4651 1383 4738 universisejmdem
1405 4650 1598 4736 pertiuentiis

244 4739 486 4807 confiscavimus.
533 4739 639 4807 Coloni
669 4741 706 4806 ad
738 4740 819 4807 idern
842 4743 1004 4809 castellum
1028 4743 1202 4832 spectantes
1233 4740 1351 4808 mediae
1374 4739 1522 4806 sessionis
1544 4757 1596 4823 par

246 4829 374 4920 quatuor
396 4827 463 4893 dies
485 4846 555 4895 onm
572 4828 689 4895 dnobus
709 4828 860 4914 Jnmentis
882 4831 1051 4900 servientes
1073 4831 1147 4898 eunt
1170 4829 1221 4898 00.
1248 4829 1314 4898 alii
1336 4827 1437 4896 colom
1460 4845 1515 4914 par
1536 4830 1596 4895 tres
