3524 5286
87 259 155 288 l-ssss·

73 289 145 346 ,w
206 291 220 304 ¹,

98 393 140 432 ¹vmv
157 433 158 438 1
201 359 245 426 ⁷⁰

71 436 78 443 “
97 439 126 478 b,

62 521 122 604 '2ss2
150 553 151 556 ’
203 553 270 602 sese
293 533 430 612 resolvit,
455 534 487 597 et
509 531 548 596 ad
572 531 837 598 conservationem
865 531 988 596 nostrae
1011 529 1177 608 libertatis,
1202 529 1260 594 hoc
1283 531 1374 613 pacto
1400 529 1506 593 umen
1530 529 1568 592 ut

204 622 265 707 ipsi
289 622 449 686 annuatim
473 620 632 684 duodecim
663 619 764 685 millia
794 618 1004 701 imperialium·
1034 618 1203 682 universim
1227 617 1473 682 contribuuntur.
1505 614 1568 682 Ast

58 707 120 782 ᾗ(
146 705 161 710 ”
202 711 328 795 propter
351 708 442 772 deum
466 727 538 792 rogo
562 726 625 787 vos,
650 707 763 771 dilecte
786 706 907 770 domine
930 705 985 782 fili,
1010 706 1054 770 rei
1075 705 1262 789 principium
1281 704 1411 782 meliori,
1436 721 1496 786 qno
1513 721 1567 769 va·

63 801 118 882 ἶὲί
204 797 287 877 lctis,
312 797 403 862 modo
427 795 611 879 aggreditor,
636 795 709 878 quia
728 795 896 860 Turoarum
920 795 1051 858 caesaris
1074 794 1183 876 potens
1207 793 1301 856 robur
1316 791 1478 856 nobiscum
1494 791 1565 870 erit,

64 882 111 912 ³²
202 903 301 968 neque
327 901 381 949 vos
405 885 608 966 derelinquet,
633 883 721 948 onius
745 881 861 947 intuitu
884 882 923 945 ad
947 883 1052 945 omnia
1074 881 1205 945 confinia
1233 880 1380 944 mandata
1402 878 1568 944 transmis-

203 991 311 1050 surus,
344 974 380 1035 nt
409 971 443 1035 in
473 971 616 1036 omnibns
646 970 795 1035 auxilium
827 970 939 1035 ferant.
977 969 1199 1045 Nihilominus,
1228 967 1340 1033 dilecte
1362 966 1486 1032 domine
1507 966 1565 1044 fili,

203 1062 330 1144 propter
351 1061 442 1124 deum
465 1077 549 1142 rogo,
574 1077 663 1141 opem
687 1057 766 1122 ferto
790 1057 939 1140 pecuniis,
972 1059 1004 1120 et
1026 1056 1052 1120 si
1076 1055 1221 1138 possibile
1244 1056 1293 1121 est
1319 1055 1381 1119 100
1392 1054 1493 1119 millia
1516 1055 1567 1120 vel
1591 1103 1600 1108 -

202 1148 242 1214 ed
265 1147 430 1211 minimum
455 1147 498 1212 50
518 1146 633 1223 millie;
658 1144 748 1228 idque
771 1147 872 1210 totum
896 1163 950 1227 per
973 1143 1127 1209 territoria
1148 1143 1285 1222 turcico,
1317 1142 1367 1207 vel
1390 1161 1445 1225 per
1467 1141 1565 1226 Agri-

169 1245 173 1262 *
205 1254 310 1300 ensem
335 1234 384 1300 vel
407 1253 462 1315 per
484 1233 697 1316 Vjvnrieusem
721 1234 861 1311 Bassam,
886 1251 994 1297 secura
1017 1233 1173 1314 hucusque
1196 1231 1324 1297 dabitur
1341 1230 1518 1295 assistentia
1534 1232 1567 1294 et

65 1315 124 1390 fi}
205 1323 362 1388 comitiva.
386 1322 474 1386 Aliae
498 1340 546 1385 res
570 1340 657 1386 meae
679 1319 812 1404 profecto
831 1321 862 1384 in
886 1319 1017 1384 nibilum
1039 1321 1230 1403 redigentur,
1254 1336 1353 1401 neque
1375 1317 1455 1383 elius
1479 1317 1565 1400 quis·

205 1409 290 1494 piam
323 1409 507 1492 inculpetnr.
539 1409 605 1491 Ego
625 1427 693 1473 snm
721 1410 782 1473 iam
806 1407 888 1472 inter
912 1407 1074 1483 flammam
1107 1407 1183 1471 hora
1205 1407 1328 1472 tantum
1359 1405 1488 1470 necdum
1512 1405 1568 1474 ad,

62 1514 74 1571 ἰ,
203 1498 298 1577 venit,
319 1497 352 1561 in
374 1516 436 1579 qua
458 1513 523 1565 rem
544 1496 771 1580 aggrediamur.
795 1495 925 1580 Propter
949 1496 1041 1561 deum
1062 1513 1122 1560 non
1146 1494 1289 1574 recedito,
1314 1513 1379 1559 rem
1403 1492 1566 1576 aggredia-

56 1577 125 1673 ‘ri'
207 1586 283 1650 mini
305 1585 361 1649 illa
382 1583 559 1650 sinceritate
588 1586 620 1649 et
643 1583 698 1650 illo
729 1584 853 1660 robore,
879 1583 958 1666 quod
982 1581 1057 1647 deus
1080 1582 1180 1656 dedit3
1215 1599 1277 1646 non
1305 1581 1564 1662 derelinquamur.

40 1692 111 1757 ,4⁴4
151 1745 152 1748 ,
203 1671 310 1750 Aliud,
337 1671 417 1754 qnod
441 1671 584 1750 scribam,
612 1671 732 1747 nescio;
755 1671 830 1736 deus
853 1670 1260 1747 vivificetdominationem;
1283 1671 1443 1744 etmaneo,
1468 1667 1565 1734 donec

47 1762 102 1836 ,ἶ
204 1760 317 1838 vixero,
343 1758 562 1825 dominationis
584 1761 705 1824 vestrae
728 1761 815 1840 pater
838 1757 992 1823 officiosus
1016 1757 1049 1822 G.
1074 1758 1185 1822 Petrus
1200 1756 1238 1821 de
1253 1756 1336 1820 Zrin.
1361 1755 1564 1821 Oraktorniae

210 1847 251 1911 10
274 1847 378 1911 martii
405 1845 499 1910 1670.
522 1848 555 1907 Ρ.
579 1849 609 1908 S.
634 1847 757 1912 Dilecte
779 1845 896 1910 domini
920 1845 982 1910 fili!
1014 1844 1082 1910 Non
1102 1843 1299 1909 molestarem
1322 1843 1563 1909 dominationem

204 1935 339 2001 vestram
363 1952 431 1998 cum
452 1953 484 1997 re
509 1934 713 2016 peccuniarie,
737 1933 790 1998 sed
813 1952 867 2016 pro
891 1952 970 1997 nnnc
986 1932 1098 1997 axillis
1121 1931 1207 2010 loeis,
1231 1931 1311 1996 unde
1334 1931 1447 1995 babere
1471 1930 1565 1995 debe·

48 2088 59 2111 s
94 2007 120 2074 ¹,
205 2021 290 2099 bam,
314 2040 421 2086 omnes
444 2022 512 2086 viae
535 2021 734 2104 praeclusae,
755 2022 801 2086 ita
823 2021 859 2085 ut
882 2023 976 2085 etium
1005 2020 1067 2098 ille,
1093 2020 1145 2102 qni
1175 2018 1337 2102 promisit,
1369 2018 1472 2084 venire
1503 2036 1565 2082 non

205 2109 313 2192 possit,
336 2127 436 2191 neque
459 2109 614 2173 cambium
638 2127 759 2174 currere
782 2110 901 2191 potest;
934 2108 974 2182 id,
999 2108 1078 2190 quod
1102 2106 1272 2184 habebam,
1305 2125 1359 2190 pro
1382 2105 1563 2170 nnmeribns

206 2197 239 2260 in
259 2197 405 2262 buesaros
428 2197 567 2278 expendi.
593 2195 663 2273 Sed,
687 2196 731 2260 mi
755 2196 866 2261 dilecte
889 2195 1003 2260 domini
1027 2195 1082 2272 fili,
1111 2194 1243 2259 sollicite
1267 2194 1362 2259 instet
1392 2213 1489 2276 neque
1512 2193 1565 2256 de·

58 2276 102 2348 ¹.
206 2285 318 2360 sistct3
343 2286 374 2348 et
397 2301 467 2349 ecce
491 2284 636 2350 civitates
656 2287 820 2348 montanae
844 2282 883 2346 ad
907 2302 996 2347 omne
1018 2282 1167 2346 auxilium
1189 2300 1256 2346 sese
1270 2281 1483 2347 exhibuerunt.
1501 2282 1563 2346 Do-

206 2371 310 2436 minus
334 2370 455 2454 Balogh
478 2371 596 2453 pariter
619 2371 848 2453 cooperabitur;
873 2390 943 2434 eum
967 2371 1061 2434 etiam
1084 2369 1230 2452 requirat.
1266 2417 1279 2434 .

67 2465 78 2486 '¹
310 2460 413 2535 Njcdto
435 2461 520 2520 ioadc
539 2459 618 2536 placi
641 2464 709 2534 oum
725 2461 868 2535 prieood:
899 2458 971 2522 Mea
999 2456 1124 2522 servitia
1143 2456 1254 2521 dilecte
1271 2457 1391 2521 domine
1409 2456 1473 2520 fili!
1497 2455 1564 2538 Ego

205 2564 299 2630 penes
319 2545 454 2629 patriam
478 2564 589 2622 meam,
614 2546 653 2609 ad
669 2548 773 2610 butas
794 2546 1027 2610 intercessiones
1039 2545 1234 2627 Hungericae
1256 2544 1390 2609 nationis
1411 2562 1447 2608 ac
1460 2543 1563 2626 gentis

56 2615 85 2688 ss'
115 2707 121 2716 ‚
205 2635 338 2708 nostrae,
362 2634 485 2696 tantum
509 2652 559 2697 me
582 2632 750 2717 defatigari
780 2634 860 2699 vitae
892 2651 928 2697 aa
959 2631 1107 2697 bonorum
1135 2650 1273 2696 meorum
1306 2631 1508 2706 detrimento3
1533 2632 1565 2695 et

51 2758 61 2781 r
96 2787 100 2796 ‚
205 2721 285 2805 apud
310 2721 557 2803 potentissimum
581 2721 743 2786 ancicum
767 2721 983 2803 imperatorem
1014 2721 1136 2784 tantum
1159 2719 1191 2782 in
1214 2718 1307 2783 finem
1331 2719 1458 2795 deduxi,
1482 2718 1564 2802 qnod

206 2810 310 2892 partes
333 2811 455 2873 nostras
478 2809 627 2891 suscipiet
649 2811 681 2874 et
703 2808 743 2872 ad
766 2809 871 2873 omnia
894 2827 926 2872 se
949 2806 1339 2872 clementissimeresolvit.
1363 2808 1405 2871 Et
1426 2825 1481 2889 pro
1497 2825 1566 2870 om-

205 2895 255 2980 nis
278 2895 434 2961 libertatis
457 2899 580 2961 nostrae
603 2897 816 2979 permansione
840 2895 997 2960 soluemus
1025 2913 1125 2959 annue
1151 2895 1233 2958 12m.
1251 2894 1441 2974 tallerornm,
1464 2895 1565 2958 idest

206 2981 367 3048 duodecim
390 2983 489 3048 millia
512 2983 707 3061 tallerornm,
731 3002 825 3066 quare
848 3001 903 3066 per
932 2982 1021 3046 deum
1055 3000 1129 3066 rogo
1153 2986 1289 3046 vestram
1313 2981 1565 3056 dominationem,

207 3071 386 3136 dulcissime
410 3071 533 3135 domine
556 3071 611 3149 fili,
636 3070 765 3153 incipite
787 3089 975 3153 remquam
999 3069 1086 3134 scitis
1107 3069 1240 3151 optime;
1266 3070 1338 3152 quia
1360 3069 1483 3134 ancici
1506 3069 1566 3133 im·

206 3157 356 3240 paraturis
381 3157 615 3241 potentissimae
638 3159 719 3222 vires
743 3176 835 3241 penes
858 3177 913 3222 nes
930 3165 1028 3230 eruut,
1054 3175 1109 3222 nec
1128 3157 1249 3222 deseret
1270 3174 1335 3221 nos.
1359 3155 1409 3222 Ad
1424 3157 1480 3222 illa
1494 3175 1567 3222 con·

206 3243 279 3308 linia
298 3244 384 3309 venit
406 3244 601 3323 mandatum,
624 3247 659 3309 ut
680 3263 735 3310 nos
756 3245 789 3308 in
812 3245 954 3310 omnibns
968 3245 1124 3309 adiuvent.
1149 3245 1208 3311 Sed
1225 3243 1420 3324 animemea,
1444 3245 1566 3310 domine

41 3341 76 3378 '·
103 3345 107 3388 ἱ
205 3331 261 3408 fili,
285 3349 340 3413 per
363 3331 454 3396 deum
479 3351 552 3414 rogo
575 3334 711 3397 vestram
735 3332 986 3412 dominationem,
1010 3333 1112 3398 iuvate
1137 3352 1186 3396 me
1210 3332 1299 3396 modo
1323 3331 1460 3414 pecunia,
1485 3335 1517 3397 et
1539 3332 1566 3398 ei

206 3419 355 3502 possibile
379 3419 568 3483 submittite
601 3419 679 3484 mibi
706 3421 830 3484 centum
861 3420 979 3495 millia,
1012 3419 1061 3485 vel
1079 3419 1190 3484 saltem
1215 3419 1313 3484 com
1334 3438 1388 3502 per
1411 3420 1566 3500 Turciam,

207 3504 369 3591 Agriensie
400 3508 454 3570 ant
484 3505 675 3590 Vjvariensis
700 3508 790 3572 bessa
813 3507 900 3572 dabit
919 3506 1097 3572 comitivam
1120 3509 1179 3572 buc
1196 3508 1235 3571 ad
1253 3526 1320 3580 me;
1354 3507 1487 3590 alioquin
1516 3527 1566 3572 res

207 3612 293 3659 meae
314 3593 494 3672 haerebunt,
519 3613 575 3660 nec
599 3593 657 3658 ulli
680 3594 836 3677 imputent
858 3594 977 3659 deinde.
1001 3595 1067 3678 Ego
1091 3594 1153 3659 iam
1179 3615 1247 3659 sum
1272 3595 1304 3658 in
1327 3595 1418 3678 igne,
1442 3597 1567 3660 tantum

206 3681 280 3746 hora
302 3683 437 3746 nondum
461 3683 614 3764 completa
637 3683 694 3760 est,
719 3683 754 3746 ut
777 3681 960 3765 incipiamus
983 3701 1047 3747 rem
1065 3682 1221 3762 nostram
1246 3683 1380 3765 adeoque
1403 3681 1567 3765 pereleum

39 3809 90 3856 ne·-
208 3769 303 3833 nolite
327 3788 378 3834 me
403 3770 553 3848 deserere,
586 3769 713 3853 incipite
735 3771 909 3854 negotium,
941 3771 1032 3853 prout
1055 3771 1129 3834 deus
1160 3770 1249 3835 nobis
1282 3769 1367 3835 dedit
1390 3769 1511 3836 animos
1535 3773 1568 3836 et

37 3849 107 3944 2³3²,
209 3855 301 3932 vires,
325 3873 385 3920 non
408 3857 665 3940 derelinquamur.
690 3855 785 3922 Plura
809 3859 909 3922 nescio
933 3857 1077 3934 scribere,
1103 3857 1163 3921 nisi
1184 3859 1259 3924 dens
1282 3860 1443 3942 prosperet
1466 3857 1567 3923 domi-

205 3943 361 4006 nationem
385 3945 528 4008 vestram.
551 3945 660 4009 Maneo
683 3945 781 4026 quoad
806 3945 907 4010 vixero
930 3943 1146 4009 dominationis
1163 3948 1284 4011 vestrae
1307 3943 1347 4010 ad
1372 3945 1568 4010 serviendum

206 4047 317 4112 parens
340 4027 374 4094 C.
398 4030 509 4095 Petrus
533 4031 626 4096 Zriui.
651 4031 824 4098 Ohakoviae
849 4032 889 4096 10
913 4031 1018 4095 martii
1045 4032 1137 4097 1670.

873 4169 902 4225 b.

310 4273 497 4340 Dulcissimo
521 4274 644 4342 domiue
666 4275 730 4341 lili!
763 4278 833 4343 Non
864 4278 1060 4345 molestarem
1083 4278 1133 4344 bis
1163 4280 1299 4344 vestram
1330 4279 1570 4347 dominationem
1621 4315 1626 4336 ι

203 4359 237 4424 in
259 4379 292 4425 re
316 4363 506 4444 pecuniaric;
543 4382 649 4429 vemm
673 4365 744 4447 quia
771 4365 820 4430 his
851 4366 1060 4449 temporibus,
1092 4365 1171 4431 nude
1202 4365 1346 4432 deberem
1380 4369 1569 4449 exspectare,

205 4465 310 4514 omnes
333 4448 401 4514 viae
424 4450 564 4517 occlusae
588 4452 669 4529 sunt,
695 4451 741 4516 ita
762 4456 798 4516 ut
821 4453 854 4517 et
871 4453 923 4535 qni
946 4454 1091 4536 promisit
1123 4473 1184 4519 non
1215 4455 1329 4520 audeat
1360 4455 1480 4533 venire,
1514 4474 1571 4522 nec

50 4537 76 4572 ’·’
205 4535 370 4619 cambyum
396 4539 496 4619 potest
515 4538 610 4617 mitti,
635 4539 667 4603 et
689 4540 770 4622 qnod
793 4541 889 4605 habui
914 4540 1040 4624 exposui
1069 4541 1102 4605 in
1125 4542 1225 4606 multa
1259 4541 1403 4622 donaria,
1435 4542 1572 4610 militem

204 4639 241 4687 ac
264 4624 400 4689 nuncios.
423 4624 540 4691 Verum
563 4625 734 4692 dominatio
756 4628 870 4706 vestra,
895 4627 1009 4693 dilecte
1032 4628 1154 4694 domiue
1177 4629 1243 4695 fili!
1267 4629 1405 4695 sedulam
1423 4629 1571 4696 adhibeat

47 4720 96 4803 j·
203 4707 409 4794 diligentiam,
432 4714 464 4779 et
484 4732 533 4778 me
556 4731 617 4780 non
640 4716 779 4792 deserat;
811 4719 916 4782 tamen
937 4717 1100 4783 montanae
1133 4717 1277 4784 civitates
1309 4735 1430 4801 semper
1451 4719 1571 4802 promi-
