3472 5294
247 429 326 498 576·

248 627 304 674 nae
328 625 363 672 er
384 607 530 690 proventu
552 605 677 673 eluet
698 605 961 673 zeblovinadioto.
985 608 1101 674 mattae
1126 608 1197 674 126.
1220 609 1282 675 Bes
1296 602 1374 676 raro
1384 603 1527 672 mobiles
1547 599 1629 667 uni·

248 713 356 762 versae
384 713 437 778 per
470 694 617 760 offieiales
651 695 684 760 et
712 695 896 762 oonfinarios
924 693 1202 762 Oarolostadienees
1237 697 1358 763 ablatae
1379 695 1464 775 sunt,
1488 691 1631 777 praeter

249 787 349 850 oortos
383 783 498 850 terreos
529 784 669 850 thoraces
698 784 862 867 antiquos,
905 782 1078 867 nulliusque
1109 784 1222 851 valoris
1249 803 1321 852 eum
1352 782 1465 868 galleis
1494 779 1628 846 ibidem

249 871 379 938 reliotie.
1446 897 1450 905 ν

354 958 429 1026 Inde
458 959 586 1043 proiecti
616 977 723 1026 sumus
748 959 789 1027 ad
819 960 1040 1026 rastellum
1072 962 1163 1027 antea
1194 959 1357 1028 memorati
1389 952 1627 1024 Francisoi

248 1047 489 1133 'dersaebly
520 1047 718 1114 Saeverin
749 1052 969 1128 nuncupatum,
1004 1048 1035 1112 in
1059 1050 1198 1131 praelato
1231 1049 1381 1115 eomitatu
1413 1041 1627 1130 aegrabiensi

250 1138 396 1216 existens,
421 1135 502 1219 qnod
525 1137 591 1217 pari
614 1135 703 1201 modo
723 1140 884 1220 praesente
908 1141 1077 1203 memorato
1099 1156 1128 1204 v.
1145 1137 1281 1221 judlium
1308 1135 1441 1219 aliisque
1464 1131 1627 1218 plurimis

250 1224 408 1290 nobilibus
430 1223 545 1290 ibidem
569 1224 793 1307 praesentibus,
825 1244 880 1309 per
903 1243 957 1290 nos
978 1225 1178 1291 oonfisoatnm
1201 1228 1233 1290 et
1253 1226 1419 1310 properie,
1443 1221 1515 1287 fisei
1540 1236 1625 1284 snae

251 1311 477 1378 sacratissimae
489 1313 662 1379 maiestatis
684 1313 761 1418 regii
777 1313 1001 1396 apprehensum
1024 1318 1088 1389 est;
1113 1313 1208 1379 nullis
1232 1313 1347 1380 ibidem
1368 1311 1462 1378 rebus
1484 1303 1626 1374 mobili-

252 1401 310 1468 bus
333 1401 464 1485 repertis
469 1449 484 1553 t,
517 1419 622 1466 omnes
646 1419 779 1485 namque
812 1420 867 1484 per
889 1402 1057 1468 reeensitos
1091 1400 1238 1468 officiales
1269 1399 1530 1468 oarloetadisneea
1559 1395 1624 1462 ab·

251 1491 387 1555 abaotae
410 1507 493 1553 sun.

356 1577 401 1642 Er
424 1579 593 1642 memorato
617 1594 686 1643 vero
717 1577 844 1644 oastello
874 1579 1080 1660 processimus
1102 1577 1142 1642 ad
1180 1581 1337 1644 auriam
1361 1577 1495 1653 Brod,
1521 1574 1623 1638 antea

251 1665 373 1732 eomitis
395 1664 514 1732 Petri
536 1682 555 1730 a
577 1663 735 1745 drinio,
759 1684 852 1749 quam
876 1666 925 1730 die
951 1665 989 1730 17
1011 1668 1125 1731 mensis
1148 1665 1317 1751 saepedicti
1342 1665 1423 1749 J'unii
1447 1661 1623 1747 praesente

251 1753 359 1820 eodem
384 1754 450 1818 viee
470 1752 622 1836 Judlium,
649 1752 781 1837 aliisque
810 1752 926 1820 ibidem
956 1755 1159 1820 existentibus
1181 1773 1252 1820 oum
1286 1753 1436 1820 universis
1470 1750 1621 1835 ejusdem

251 1840 355 1908 ennae
378 1841 573 1925 pertiuentiis
593 1841 837 1908 eonfisoavimus.
862 1841 910 1906 nd
924 1841 1050 1908 eandem
1075 1843 1193 1908 suriam
1217 1845 1289 1908 sunt
1310 1841 1408 1908 ooloni
1431 1842 1464 1905 in
1486 1837 1623 1904 univer-

251 1949 321 1996 sum
340 1928 416 2008 600,
442 1946 535 1995 onnes
563 1929 597 1995 in
625 1930 813 1995 sessionibus
835 1923 958 1995 eentum
992 1930 1105 2010 leonti,
1139 1933 1285 2014 aquavis
1308 1929 1444 1996 sessione
1473 1925 1621 2011 pendunt

253 2019 348 2084 iidem
370 2016 468 2083 voloni
490 2016 620 2084 florenos
643 2018 737 2101 hung.
751 2015 781 2088 8.
801 2017 853 2100 qni
875 2020 1043 2100 proventus
1065 2021 1225 2086 aunuatim
1257 2018 1331 2084 feeit
1359 2018 1490 2083 florenos
1512 2014 1618 2097 hung.

256 2104 352 2172 1800.
373 2141 416 2154 -
439 2103 589 2172 Offieialis
612 2105 727 2172 ibidem
750 2107 938 2172 eonstitutns
961 2108 1102 2190 egregius
1126 2107 1305 2173 Franoisous
1326 2105 1436 2172 lausa.

357 2194 524 2260 Inderero
556 2193 767 2278 progredimur
800 2195 837 2258 ad
871 2195 1025 2259 ouriam
1055 2197 1097 2261 et
1132 2195 1232 2260 bona
1261 2194 1502 2276 ibidemque
1536 2190 1620 2256 far·

252 2280 460 2348 rilodinas
493 2279 680 2358 chober,
704 2283 903 2366 nuncupatas,
927 2301 1003 2366 quas
1025 2282 1075 2348 die
1113 2283 1161 2348 19.
1184 2283 1335 2348 mensis
1356 2279 1486 2366 jvnii‚
1522 2297 1619 2362 prae-

256 2372 344 2438 sente
367 2370 610 2453 saepefatovioe
630 2369 774 2452 judlinm‚
798 2389 870 2435 oum
892 2369 1044 2436 universis
1067 2371 1204 2455 ejusdem
1228 2373 1331 2436 ouriae
1352 2371 1501 2436 bonorum
1518 2371 1617 2450 atque

255 2457 506 2526 ferrilodinarum
529 2456 723 2542 pertinentiis
747 2457 990 2524 oonfisouvimus.
1014 2457 1172 2538 Quantum
1187 2477 1259 2524 vero
1280 2457 1353 2524 ferri
1375 2458 1408 2523 in
1430 2456 1543 2522 iisdem
1567 2453 1617 2519 fo-

254 2547 336 2613 dinis
358 2547 516 2612 inventum
540 2548 597 2623 est
622 2546 680 2611 boo
703 2540 807 2612 ordine
831 2548 1006 2632 adnotatur.
1031 2545 1146 2628 Magna
1168 2543 1267 2613 frusto
1289 2545 1373 2625 ferri,
1397 2545 1488 2628 eujus
1509 2543 1616 2610 minuc

253 2635 346 2702 tertia
361 2635 557 2701 eomburetur
572 2638 604 2699 et
615 2635 647 2699 iu
671 2633 802 2700 nibilum
820 2635 985 2718 redigetur,
1002 2637 1075 2700 sunt
1089 2633 1333 2719 bustaeJ'nsdem
1348 2634 1421 2698 ferri
1436 2631 1508 2697 109.
1530 2629 1617 2711 Quo-

252 2721 323 2788 dvis
347 2723 450 2789 autern
474 2721 538 2788 tale
559 2721 694 2788 frustum
716 2723 853 2788 eontinet
874 2724 953 2787 nent.
970 2721 1008 2799 4,
1032 2723 1128 2788 libres
1152 2742 1310 2789 mensurae
1334 2720 1531 2806 germanicae
1554 2719 1612 2792 55,

254 2811 287 2878 in
310 2813 374 2878 toto
407 2809 483 2876 tacit
504 2809 695 2876 oentenarios
718 2809 801 2890 490,
833 2810 929 2877 libras
952 2809 1004 2876 95.
1041 2811 1076 2876 ln
1094 2812 1164 2877 aliis
1188 2811 1263 2876 loeis
1295 2810 1408 2876 similis
1432 2808 1506 2874 terri
1529 2805 1614 2891 groll

255 2901 467 2982 nuncupatum
490 2901 570 2964 aaut.
587 2895 640 2976 69,
663 2897 741 2963 item
761 2898 834 2964 ferri
857 2899 892 2970 in
912 2899 1006 2981 virgis
1030 2899 1129 2983 longis
1153 2900 1257 2966 ananie
1278 2900 1396 2965 voeatis
1421 2915 1472 2979 pro
1495 2895 1612 2961 onden-

254 2987 304 3053 dis
327 2987 423 3053 elaris
444 2987 636 3054 aeoomodati
658 2988 824 3052 centenarii
852 2986 922 3066 106,
943 2986 1041 3052 librae
1065 2985 1115 3051 20.
1140 2987 1220 3053 Item
1243 2987 1316 3052 ferri
1339 2986 1467 3052 alterius
1489 2984 1613 3068 generis

254 3075 391 3142 finaliter
415 3074 564 3140 elaborati
586 3076 618 3140 in
642 3073 764 3140 diversa
785 3074 939 3142 formast
961 3073 1092 3140 neodem
1114 3077 1302 3141 aoeomodati
1319 3077 1471 3141 oentenar.
1499 3071 1610 3136 90lib.

254 3166 298 3230 80
331 3165 412 3230 Item
436 3164 584 3229 materiae
607 3165 810 3247 praeparatae
834 3167 882 3228 est
904 3162 991 3245 eopia
1014 3181 1142 3246 magna,
1178 3163 1354 3230 stenditur
1376 3167 1467 3247 atque
1491 3159 1613 3242 liquefit

255 3252 407 3330 continuo,
431 3252 565 3316 artifioes
578 3251 692 3317 ibidem
716 3251 859 3317 continuo
875 3251 1049 3316 laborantes
1073 3251 1230 3316 snnvaoo
1255 3250 1415 3330 officialis,
1432 3249 1485 3334 qui
1507 3248 1613 3331 praest

255 3341 384 3492 reliquii
417 3339 602 3406 officialibus
631 3348 662 3404 et
684 3340 911 3406 laboratoribus
942 3338 1024 3423 prior
1057 3341 1265 3414 confirmatus,
1303 3340 1424 3405 nomine
1456 3335 1611 3418 Josepbus

256 3429 393 3513 Benag.

362 3517 491 3582 Peraota
512 3516 545 3581 in
568 3517 753 3599 praeataotis
768 3515 856 3582 bonis
869 3513 991 3582 Chabar
1012 3521 1044 3582 et
1058 3515 1244 3582 ferrifodiuis
1257 3513 1482 3591 confiscatione,
1505 3513 1611 3578 iuven·

256 3607 480 3688 tationeatque
503 3623 547 3682 aa,
570 3605 761 3688 quaepotuit
783 3623 860 3682 esse,
884 3603 1083 3689 dispositione
1105 3609 1238 3687 peraeta,
1262 3605 1460 3669 transivimus
1483 3619 1610 3685 magnos

258 3697 380 3761 montes
413 3699 445 3758 et
472 3692 667 3778 pervenimus
701 3693 741 3757 ad
771 3711 881 3758 mare
922 3692 1194 3769 adriaticum,
1239 3693 1367 3775 primo
1399 3692 1447 3756 ad
1475 3708 1608 3758 aroonr

256 3780 475 3858 Grobnilr,
508 3798 587 3864 quae
609 3782 700 3846 antea
720 3782 844 3846 domitis
866 3780 984 3846 Petri
1013 3799 1031 3846 a
1063 3781 1206 3847 Zrinio
1241 3777 1424 3860 praefuisset
1445 3778 1609 3862 eademqne

257 3873 305 3938 die
328 3868 369 3936 21
395 3869 563 3934 mensis
591 3868 732 3952 junii,
767 3871 928 3952 praesente
958 3871 1126 3936 memorato
1149 3870 1214 3934 vioe
1233 3867 1367 3953 judlium
1391 3885 1427 3932 ae
1449 3867 1519 3933 aliis
1541 3867 1608 3948 plu·

257 3959 345 4027 rimie
368 3956 635 4023 nobilibuseotum
652 3957 766 4022 ibidem
789 3957 1001 4035 existentibus,
1025 3959 1219 4041 oumoppido
1235 3956 1372 4038 ejusdem
1396 3955 1609 4021 areisGrob·

258 4047 326 4113 nil
350 4046 480 4129 aliisque
505 4045 654 4110 universis
681 4045 875 4128 pertiuentiis
897 4047 963 4127 pari
986 4044 1076 4111 modo
1098 4045 1344 4111 oonfisoavimua.
1382 4045 1497 4109 Rerum
1520 4059 1606 4126 porro
1694 4069 1698 4083 ·

256 4134 418 4201 mobilium
449 4133 565 4199 ibidem
586 4132 786 4199 existentium
810 4133 1015 4199 inventarium
1038 4133 1154 4212 ordine,
1178 4152 1237 4220 quo
1261 4133 1349 4212 inira,
1373 4135 1421 4196 est
1443 4134 1606 4214 peractum.

256 4223 362 4290 Primo
385 4223 417 4288 in
440 4222 730 4288 diotaaroeinventa
751 4224 824 4287 suut
846 4223 909 4287 vini
922 4241 993 4288 rasa
1018 4241 1063 4288 ur.
1078 4223 1108 4300 2,
1132 4223 1207 4288 item
1221 4221 1252 4286 iu
1265 4239 1324 4286 uno
1338 4220 1485 4286 raserini
1508 4219 1607 4286 eubuli

256 4311 381 4378 oiroiter
403 4311 434 4389 5,
456 4312 531 4376 item
554 4311 585 4375 in
608 4310 669 4375 alio
693 4327 764 4376 vase
783 4309 847 4375 vini
869 4310 976 4376 eubuli
998 4309 1122 4376 oireiter
1144 4311 1174 4390 3,
1206 4311 1282 4375 item
1313 4311 1470 4375 tormenta
1499 4326 1607 4390 magna

258 4403 288 4478 2,
313 4399 389 4465 item
412 4397 475 4464 alia
498 4400 653 4464 tormenta
674 4398 793 4464 minora
815 4397 845 4474 3,
870 4399 946 4463 item
970 4399 1118 4464 mortaria
1140 4398 1321 4482 oblongiora
1343 4398 1495 4463 adinstar
1519 4415 1607 4462 nava·

257 4488 335 4553 lium
355 4489 580 4552 tormentorum
602 4485 686 4551 laeta
709 4485 761 4565 38,
785 4485 862 4551 item
884 4485 1007 4569 solopus
1030 4487 1177 4552 barbatus
1204 4491 1229 4567 l,
1264 4487 1340 4552 item
1364 4485 1447 4567 pleae
1470 4485 1535 4550 sive
1558 4486 1606 4550 ba·

258 4577 326 4642 stae
348 4576 553 4660 germanicae,
578 4575 653 4639 item
678 4573 944 4656 solopimusketae
968 4573 1043 4639 dieti
1062 4573 1109 4649 ll,
1135 4574 1211 4639 item
1234 4575 1388 4640 tormenta
1410 4574 1605 4657 soregsbouto

257 4665 341 4730 dieta
364 4669 393 4727 2,
415 4662 564 4747 Reliquae
588 4665 693 4728 autern
717 4681 766 4728 res
790 4661 919 4727 mobiles
942 4681 996 4744 per
1018 4661 1164 4728 officiales
1187 4667 1218 4727 et
1241 4661 1607 4728 militesearolostadien·

258 4771 307 4818 ses
329 4751 450 4818 ablatae
473 4753 556 4816 sunt.
578 4747 731 4816 Offioialis
754 4749 866 4816 ibidem
889 4749 1074 4817 constitutus
1098 4749 1280 4816 Francisous
1301 4748 1495 4834 Kulruljerid.

364 4839 510 4924 Sequenti
532 4837 677 4906 imediate
699 4839 747 4906 die
768 4837 962 4921 pervenimus
984 4836 1024 4904 ad
1057 4855 1188 4904 areem
1216 4840 1257 4905 et
1287 4836 1479 4922 oppidum
1515 4839 1607 4904 Bue-
