3518 5266
174 553 207 616 ct
227 551 415 617 hereditarie
433 551 511 616 iure.
536 550 569 634 4)
593 551 742 617 liberetur
764 571 783 616 a
805 570 928 617 summa
949 549 1101 629 400011.
1126 567 1201 635 ques
1225 569 1324 616 annue
1347 551 1454 634 pendit
1482 570 1535 618 co·

175 638 318 703 mitissae
342 639 462 704 viduee'.
486 639 520 722 b)
534 639 691 704 solvantur
714 639 830 716 debita,
854 659 930 722 quas
943 640 1105 716 contraxit,
1129 657 1196 703 sese
1220 638 1418 704 extendentia
1441 639 1535 704 0140

177 726 278 791 millia
302 726 496 790 florenorum.
532 724 566 812 6)
589 726 644 790 fiat
680 727 848 792 colonellus
879 728 1007 793 duorum
1039 726 1245 810 regiminum,
1277 743 1407 808 quorum
1438 745 1534 793 unum

176 814 349 879 continebit
372 814 438 878 500
461 814 656 896 dragoneros,
680 814 764 878 aliud
788 813 854 878 600
876 814 994 896 equites
1025 813 1102 879 lovis
1133 815 1324 892 armaturae,
1355 815 1386 878 et
1407 814 1466 879 hcc
1487 835 1535 880 re-

176 919 285 1052 {rmen
307 920 465 984 nunquam
489 902 717 966 exanthoretur.
744 901 776 984 1)
808 903 835 966 si
867 901 944 966 bone
975 901 1119 966 Zriniana
1149 900 1295 966 violentia
1325 903 1442 966 turcico
1466 921 1533 984 per-

197 992 301 1066 emtus,
326 988 390 1053 alia
412 987 640 1071 aequivalentia
661 989 858 1054 obtineantur
890 1008 987 1054 asna
1015 989 1179 1053 maiestate
1210 1006 1361 1054 caesarea.
1394 989 1428 1072 8)
1452 989 1534 1054 sala·

175 1077 256 1140 rium
283 1077 394 1142 banale
419 1081 450 1140 et
472 1076 642 1141 insularum
667 1095 739 1142 cum
762 1076 874 1142 maiori
897 1077 1125 1160 punctualitate
1148 1075 1298 1140 soluatur.
1334 1075 1369 1160 9)
1390 1079 1426 1140 ut
1448 1077 1533 1159 prin·

173 1165 234 1246 cipi
258 1164 410 1247 Ragccaio
434 1165 598 1228 assistatur
620 1167 727 1229 contra
748 1183 944 1246 quoscunque
974 1164 1126 1228 inimicos.
1165 1162 1218 1247 10)
1243 1162 1402 1228 Generalis
1433 1166 1535 1229 amni·

176 1253 237 1315 etia
260 1251 353 1317 detur
375 1269 428 1334 pro
450 1253 592 1334 episcopo
616 1252 755 1316 Valacbo
777 1257 809 1316 et
832 1251 906 1317 suis.
941 1251 1160 1334 Principaliter
1183 1253 1292 1315 modus
1315 1250 1427 1334 aliquis
1450 1271 1536 1317 asse-

175 1340 345 1404 curationis
369 1341 401 1404 et
422 1339 580 1404 firmitatis
603 1339 715 1404 horum
746 1341 906 1423 pectorum
936 1339 1167 1417 adinveniatur,
1202 1338 1249 1402 vel
1279 1339 1433 1404 mediante
1455 1340 1532 1405 duce

177 1426 328 1492 Saxoniae
351 1429 383 1492 et
405 1426 565 1505 Bavariae,
584 1427 634 1492 uel
657 1428 889 1492 confirmatione
912 1426 1032 1492 diaetae
1056 1425 1244 1508 imperialis,
1277 1426 1451 1508 pontificis,
1476 1429 1532 1492 aut

177 1513 257 1579 aliua
283 1515 397 1598 aliquis
421 1513 627 1594 inviolabilis;
663 1534 734 1579 nam
759 1515 789 1579 in
814 1514 870 1579 hoc
892 1514 982 1579 unico
1005 1515 1136 1579 vertitur
1159 1513 1250 1578 cardo
1280 1514 1530 1596 compositionis;

175 1621 272 1685 neque
296 1602 379 1666 aliud
403 1601 465 1666 lere
489 1603 647 1681 obiiciunt,
672 1603 724 1686 qni
736 1602 990 1684 compositionem
1003 1602 1172 1679 disvadent,
1193 1619 1287 1685 quam
1310 1601 1385 1666 baec
1407 1603 1531 1683 pactata

175 1707 233 1753 nen
257 1689 323 1755 fora
342 1689 505 1769 durabilia,
530 1689 583 1754 sed
607 1690 729 1754 tantum
753 1690 877 1772 politice
900 1691 932 1754 et
955 1689 994 1753 ed
1018 1689 1150 1754 oculum.
1189 1687 1241 1771 11)
1266 1690 1301 1752 ut
1322 1689 1530 1754 commissarii

173 1775 309 1843 habeant
333 1778 587 1861 plenipotentiam
610 1776 742 1841 addendi
766 1780 798 1841 et
818 1777 949 1856 delendi,
975 1778 1001 1842 si
1025 1776 1098 1860 qnid
1122 1778 1158 1840 de
1177 1794 1255 1841 novo
1279 1775 1436 1841 incideret.
1478 1778 1530 1858 12)

173 1865 208 1928 ut
226 1865 332 1929 omnia
355 1867 416 1931 cito
437 1865 515 1930 fiant
534 1865 573 1929 ob
597 1866 727 1929 celerem
752 1866 917 1930 adventum
947 1864 1196 1948 aspici-Bassae,
1228 1882 1300 1929 eum
1330 1864 1394 1929 suis
1418 1865 1531 1929 solem-

171 1951 334 2017 nitatibus.

278 2039 509 2123 Nacbielgende
532 2039 727 2105 conditionen
751 2040 805 2105 hat
828 2038 882 2104 der
904 2039 976 2104 Zrin
999 2041 1058 2104 mit
1093 2040 1218 2123 aigencr
1244 2039 1351 2105 Handt
1373 2039 1530 2123 geschria·

172 2126 249 2192 ben:
279 2128 310 2211 1)
335 2128 416 2193 inter
438 2127 696 2192 illes6001evis
728 2127 902 2192 armaturae
933 2126 1049 2192 milites
1080 2145 1174 2192 unam
1205 2127 1417 2210 companiam,
1451 2146 1529 2210 quae

173 2215 304 2280 caeteris
329 2215 372 2279 60
394 2217 543 2297 equitum,
567 2233 645 2298 quae
670 2234 725 2297 pre
748 2215 858 2280 deecro
882 2233 950 2278 meo
973 2216 1024 2295 sit,
1050 2215 1092 2279 sit
1120 2215 1232 2280 solutio
1255 2215 1443 2280 mensuatim
1462 2217 1530 2280 octo

172 2300 307 2367 florenis.
333 2303 367 2384 2)
392 2301 563 2368 Ordinetur'
581 2302 729 2368 salarium
753 2303 840 2368 mille
864 2301 1032 2366 talererum
1064 2320 1118 2386 pro
1141 2321 1216 2381 uuo,
1249 2304 1298 2367 cui
1322 2305 1420 2367 totam
1443 2303 1529 2366 mili·

171 2389 249 2454 tiam
273 2391 390 2472 possim
414 2389 471 2454 sub
495 2409 544 2454 me
558 2389 719 2469 confidere,
744 2393 776 2454 et
801 2391 858 2455 iste
885 2390 928 2454 sit
950 2389 1211 2472 vioe-capitaneus
1232 2389 1457 2472 caprencensis,
1481 2391 1534 2474 qui

172 2479 295 2542 natione
315 2477 468 2542 carniolus
491 2479 602 2555 estet
626 2476 674 2542 illi
695 2478 790 2542 liccat
813 2479 968 2561 resignare
1000 2478 1145 2557 officium,
1175 2477 1254 2561 quod
1279 2478 1383 2543 habet.
1417 2478 1452 2561 3)
1475 2497 1531 2560 pro

171 2583 231 2630 uno
255 2566 409 2649 regiment
437 2565 667 2645 „Schulthciss“
691 2566 735 2630 sit
757 2566 915 2630 salarium.
939 2565 974 2648 4)
997 2566 1174 2630 comitissae
1204 2565 1315 2630 viduae
1338 2565 1527 2649 iniungatur,

171 2671 207 2717 ne
232 2655 281 2717 vel
306 2653 468 2717 minimum
493 2672 543 2717 me
566 2653 717 2736 impediat
737 2653 769 2717 in
792 2652 1000 2728 militaribus;
1025 2653 1127 2717 atilli
1160 2653 1336 2718 comitissae
1359 2652 1450 2717 detur
1473 2671 1527 2717 en-

170 2739 291 2806 nuatim
315 2741 347 2804 in
369 2741 435 2805 loco
459 2759 546 2805 meae
569 2741 700 2806 erendae
722 2741 744 2802 4
767 2739 866 2804 millia
886 2742 917 2804 et
940 2740 1101 2822 quingenti
1124 2739 1241 2817 floreni,
1265 2742 1361 2805 etiam
1382 2741 1527 2822 orphano.

170 2827 203 2910 6)
226 2828 321 2892 liceat
344 2827 421 2892 mibi
437 2828 610 2894 subsidium
626 2832 729 2910 petere
745 2846 763 2892 a
781 2847 868 2911 pape,
889 2847 908 2892 e
930 2828 1068 2905 caeteris,
1094 2827 1209 2910 siquid
1225 2828 1408 2906 occurreret,
1434 2827 1526 2910 idque

169 2932 236 2978 cum
263 2915 563 2980 recommendatione
587 2933 660 2980 suae
683 2915 867 2981 maiestatis.
893 2914 927 2998 6)
952 2915 977 2978 si
993 2915 1148 2980 videbitur
1164 2916 1308 2992 occassio,
1332 2915 1388 2980 fiat
1411 2914 1528 2979 bellum

167 3001 358 3080 offensivnm,
382 3021 438 3067 nec
461 3022 516 3086 ego
538 3005 628 3086 cupio
652 3004 885 3085 supremitatem
908 3005 1094 3082 armaturae,
1119 3004 1172 3067 sed
1194 3023 1259 3068 esse
1283 3004 1340 3068 sab
1365 3001 1431 3080 tali,
1455 3003 1529 3085 qui

167 3109 241 3242 {2⁰¹¹
266 3091 327 3156 sit
348 3091 548 3156 inimicus
571 3096 740 3156 nostrae
764 3090 916 3173 gentis,
942 3089 975 3174 ’1)
999 3108 1055 3175 pro
1078 3111 1111 3156 se
1135 3109 1361 3174 recompensam
1387 3092 1473 3172 petat
1494 3110 1524 3173 p.

193 3178 364 3244 erstallius.
809 3229 811 3232 .

216 3269 365 3328 Uorsideno
387 3286 409 3329 0
430 3275 551 3330 noiomo
574 3268 699 3331 Abelesa
722 3270 760 3329 cd
784 3271 833 3328 18.
857 3271 979 3344 traoojn
1004 3273 1097 3330 1671.

806 3460 887 3542 171.

159 3588 259 3656 11670,
283 3587 327 3645 29
351 3586 466 3659 odujleu.
491 3585 559 3645 Bet.
583 3585 719 3658 Ispraoe,
743 3587 846 3658 bojimi
868 3604 899 3647 ee
924 3587 1014 3647 Peior
1036 3585 1159 3646 Zetnsti
1179 3587 1354 3662 proponente
1377 3588 1523 3659 aeojerom

157 3690 271 3746 pram
293 3673 405 3748 braljro,
429 3674 515 3733 solda
537 3675 677 3732 abanslre
703 3673 795 3743 iusti,
825 3676 960 3748 immunia
986 3693 1037 3733 mu
1066 3692 1097 3734 se
1121 3677 1304 3748 prioremena'
1333 3693 1354 3733 0
1385 3675 1449 3747 aj0j
1471 3691 1526 3732 00-

161 3761 300 3834 le'edotce'
330 3778 411 3835 00ον.
433 3763 538 3834 biskup
566 3761 687 3820 Martio
710 3761 858 3822 Bertooit
887 3766 964 3838 ipr.
986 3763 1099 3832 Ι11010010
1127 3763 1260 3832 Erdddi,
1291 3765 1437 3821 iosoem
1468 3765 1526 3821 tom

293 3849 481 3922 ouaep'etooju
503 3850 639 3908 bruciati
658 3849 757 3910 conlidi
779 3851 791 3908 t
814 3851 917 3920 aaroni,
939 3855 966 3910 te
988 3867 1019 3910 ee
1035 3869 1077 3910 00
1098 3852 1229 3923 ejeroosr
1245 3851 1396 3924 postumio.

269 4059 439 4134 Austmpsee
459 4061 601 4120 baccetur
622 4062 720 4120 burun
742 4061 859 4120 Hocbcr
881 4061 987 4120 001000
1010 4062 1129 4134 tojretlou
1145 4061 1284 4132 Kridtofu
1307 4059 1412 4138 Abelu,
1437 4063 1477 4120 da
1496 4079 1526 4121 se

161 4151 343 4224 reparatemo
366 4149 528 4208 kancclaro
550 4151 641 4208 amab
658 4150 775 4222 podalje
794 4151 911 4222 propos
933 4151 968 4208 ili
986 4150 1110 4224 predlop
1137 4149 1240 4208 carate
1263 4149 1405 4220 ourcdbe,
1428 4151 1525 4220 leniora

156 4239 190 4311 je
214 4239 309 4298 Peior
332 4237 456 4296 Zra'nsloe¹
478 4238 581 4296 stiout
603 4238 743 4296 sbaoskc
766 4239 849 4306 tosti,
868 4237 1029 4312 propicieo
1050 4237 1293 4310 ocleiedojntbom
1313 4238 1366 4298 itd.

267 4322 463 4388 Perillustris
483 4322 606 4386 domiue
630 4324 687 4386 etc.
711 4319 839 4386 Summe
862 4322 1087 4406 properandum
1110 4322 1176 4399 est,
1209 4323 1245 4386 ut
1267 4323 1520 4387 reverendissimo

161 4411 346 4476 cancellario
369 4409 526 4493 Ungarico
550 4411 783 4474 transmittatur
806 4410 892 4491 copia
922 4411 978 4473 aut
1000 4411 1170 4491 proiectum
1194 4410 1331 4473 mandati
1355 4411 1411 4473 aut
1434 4428 1523 4492 pros·

161 4497 336 4579 scriptionis
358 4500 466 4563 contra
489 4497 633 4562 comitem
657 4498 785 4562 Petrum
814 4495 955 4561 Sericum
985 4497 1189 4578 expedienda,
1222 4497 1253 4560 in
1277 4515 1338 4578 qna
1361 4498 1525 4580 sequentia

161 4585 352 4652 observanda
374 4585 536 4650 existimo:
569 4584 701 4662 Primo,
726 4587 761 4648 ut
795 4585 955 4661 brevibus,
994 4586 1026 4648 ct
1057 4584 1123 4649 sine
1156 4585 1309 4648 mentione
1342 4586 1425 4666 pacti
1449 4603 1521 4647 cum

161 4671 268 4738 Turcis
290 4673 377 4752 iacti,
401 4675 579 4750 enarretur,
613 4671 755 4737 Serinum
786 4671 926 4753 pluribus
957 4670 1057 4736 medis
1086 4671 1260 4735 comississe
1291 4672 1407 4736 crimen
1440 4671 1523 4736 lesae

162 4762 335 4829 maiestatis
359 4762 392 4826 et
414 4759 653 4845 perduellionis,
687 4779 740 4825 seu
763 4761 799 4824 ut
820 4759 963 4843 Huugari
993 4759 1163 4842 loquuntur
1193 4755 1386 4824 infidelitatis
1415 4759 1522 4826 contra

1404 4861 1423 4903 a
