3472 5294
237 399 304 471 072

237 580 528 651 musadcuriam
552 579 772 666 Ses'nttine,
796 587 853 652 snb
872 585 973 652 diruto
992 583 1361 660 castroMedrarara,
1384 581 1417 648 in
1431 577 1615 664 saepefato

239 671 389 738 comitatu
401 691 482 757 sagr.
499 672 682 740 existentem
693 674 884 753 sanabilem,
902 693 994 758 quam
1010 672 1126 740 curiam
1150 690 1210 739 una
1232 690 1302 736 cum
1315 671 1380 736 suis
1402 667 1615 754 pertinentiis

239 759 390 827 universis
412 759 653 828 confiscarimus.
690 764 726 828 In
749 781 786 828 ea
807 780 926 846 quoque
949 762 1034 828 curia
1057 761 1157 826 nullas
1180 779 1229 826 res
1253 758 1381 825 mobiles
1413 757 1614 834 invenimus,

238 851 361 934 praeter
382 848 485 926 sellas,
509 867 641 928 mensas,
666 852 770 934 portas
790 857 821 916 et
843 849 993 915 fenestras
1016 850 1165 934 integras,
1189 847 1324 931 reliquas
1345 847 1452 912 autam
1474 845 1613 910 univer·

239 955 291 1002 sas
311 955 361 1002 res
382 937 512 1003 mobiles
544 940 734 1004 memoratus
768 938 910 1004 dominus
934 936 1080 1004 Nicotaus
1101 936 1224 1021 Erdddy
1247 954 1318 1001 cum
1349 936 1414 1000 auia
1439 933 1534 999 aulae
1560 931 1615 997 tn·

241 1023 417 1090 miliaribus
440 1025 554 1090 auferri
579 1029 610 1090 et
637 1026 746 1092 abduci
769 1027 889 1092 curarit
910 1027 957 1091 nti
978 1024 1067 1092 infra.
1100 1024 1159 1089 His
1183 1025 1270 1090 bonis
1292 1023 1351 1088 tali
1374 1024 1465 1088 modo
1490 1021 1614 1086 contia—

240 1113 338 1188 catis‚
363 1113 517 1198 variisque
542 1113 778 1181 difficultatibus
800 1114 881 1180 circa
904 1112 1153 1180 confiscationem
1184 1112 1272 1178 nobis
1295 1109 1459 1176 comissam
1499 1125 1613 1174 coram

126 1233 128 1240 v
240 1199 496 1266 reverendissimo
528 1201 651 1268 domino
674 1202 815 1288 episcopo
843 1203 1033 1286 aagrabiensi
1062 1201 1227 1285 propositis
1250 1203 1282 1265 et
1303 1198 1450 1284 agitatis,
1486 1197 1541 1263 die
1567 1196 1613 1262 aa

23 3639 24 3648 ,
242 3579 411 3665 pentuma)

23 3681 24 3712 l
145 3673 148 3684 '
347 3669 383 3734 In
406 3670 545 3751 proxima
569 3669 679 3737 deinde
710 3672 902 3756 possessione
932 3671 1180 3758 Kys-mlaka
1212 3669 1405 3752 nuncupata,
1442 3686 1501 3733 uno
1523 3686 1603 3752 qua-

243 3756 352 3823 drante
374 3756 517 3824 milliaris
549 3760 781 3842 apraecedonti
804 3779 882 3844 pago
907 3778 960 3826 seu
983 3760 1174 3845 possessione
1197 3758 1341 3836 distante,
1371 3757 1403 3822 in
1427 3755 1600 3840 praecitato

241 3862 349 3928 campo
361 3845 537 3930 Turopolja,
561 3848 777 3916 dictoomnino
800 3849 992 3916 incomitatu
1005 3847 1193 3933 aagrabiensi
1206 3847 1355 3912 existente
1379 3844 1601 3924 etbubita‚ast

242 3931 328 3997 curia
351 3935 383 3998 et
405 3934 484 4000 bona
506 3934 636 4000 alterius
659 3937 878 4004 Francisci
901 3936 1184 4014 Berialaricb‚
1208 3952 1300 4019 quam
1322 3933 1467 4000 similiter
1489 3951 1601 4016 supra·

242 4021 357 4103 scripta
378 4019 428 4087 die
455 4023 495 4088 10
515 4023 630 4089 mensis
649 4024 728 4108 junii
759 4043 861 4092 coram
884 4026 990 4091 eodem
1010 4025 1133 4091 domino
1157 4023 1357 4092 vicecomite
1380 4040 1449 4088 cum
1473 4021 1602 4086 unirer·

240 1288 398 1354 mensis
425 1289 538 1374 junii
561 1291 655 1356 anni
679 1291 944 1373 praescripti
969 1289 1055 1354 1670
1078 1287 1194 1355 Sarum
1216 1287 1343 1353 fluuium
1367 1285 1558 1371 trajecimus
1576 1286 1613 1351 et

241 1378 382 1442 venimus
405 1379 437 1445 in
461 1395 643 1461 campum
667 1378 983 1463 Zagrabiensem
1006 1376 1260 1460 Turopolja
1283 1376 1418 1453 dictum;
1453 1392 1610 1458 assump-

241 1466 335 1549 toque
357 1465 472 1531 ibidem
496 1467 655 1532 uobiscum
685 1485 830 1551 generoso
853 1465 976 1532 domino
999 1463 1154 1549 Stephano
1177 1464 1382 1540 Suasntoricb‚
1416 1462 1534 1528 comite
1559 1465 1612 1527 te-

243 1554 335 1620 rostri
358 1553 508 1620 nobilium
530 1555 666 1638 ejusdem
690 1557 792 1638 campi
803 1555 969 1638 Turopolja
992 1559 1023 1620 at
1046 1554 1177 1620 vcomito
1192 1552 1359 1618 comitatus
1377 1551 1609 1634 nagrabiensis‚

242 1641 415 1725 poterimus
439 1642 475 1708 sd
498 1644 720 1724 possessionem
744 1642 1046 1720 Kuriloveca‚
1070 1642 1122 1708 ubi
1149 1640 1384 1708 confiscarimus
1398 1639 1523 1705 curiam
1549 1655 1611 1704 no-

243 1729 399 1796 bilitarem
422 1729 725 1796 Baltbaaaris
759 1730 1014 1815 Poglodich
1045 1749 1115 1795 cum
1139 1729 1290 1794 universis
1324 1727 1461 1812 ejusdem
1497 1727 1610 1792 curiae

242 1817 446 1901 pertinentiis.
470 1817 519 1883 Ad
542 1818 620 1884 banc
643 1820 758 1886 curiam
777 1819 878 1886 coloni
900 1820 959 1886 duo
982 1821 1102 1884 tantum
1127 1818 1276 1901 spectant,
1299 1816 1332 1880 in
1348 1817 1455 1881 eadem
1478 1833 1610 1898 possea·

242 1905 329 1972 sione
352 1906 534 1972 Kurilovecc
556 1909 756 1987 commentas,
791 1909 843 1992 qui
865 1926 921 1992 per
944 1907 1147 1989 septimanam
1171 1908 1247 1971 duos
1270 1903 1426 1988 pedestres
1445 1903 1611 1969 laborato·

244 2013 293 2059 ras
316 1996 484 2076 praestant,
520 2013 590 2060 cum
613 1995 767 2064 nonnullis
788 1995 1062 2081 exiguimomeuti
1083 1993 1327 2059 obventionibus.
1362 1991 1448 2058 Unus
1471 1991 1607 2057 illorum

243 2087 369 2148 uocatur
393 2081 529 2148 Michael
551 2083 675 2160 Mutat,
711 2084 791 2150 alter
813 2102 884 2150 vero
913 2082 1064 2168 Georgius
1087 2081 1223 2148 Onotina.
1268 2080 1379 2146 Exstat
1399 2079 1500 2146 adbuc
1522 2099 1608 2145 uuus

243 2171 370 2236 colonus
392 2171 424 2236 in
456 2171 645 2252 possessione
667 2172 922 2251 batanaea,
957 2173 989 2238 in
1012 2189 1072 2255 qua
1105 2173 1223 2236 sextam
1247 2168 1398 2234 duntaxat
1426 2169 1609 2252 portionem

243 2260 433 2324 memoratus
456 2258 625 2325 Balthasar
646 2260 813 2346 Pogledicb
846 2261 988 2327 babebat.
1036 2258 1148 2325 Terrae
1171 2261 1276 2324 comm
1299 2257 1433 2322 arabiles
1456 2257 1498 2322 ad
1531 2275 1608 2323 cau·

243 2347 314 2411 dem
336 2347 451 2412 curiam
476 2349 651 2431 spectantes
673 2348 842 2415 extendunt
863 2367 896 2414 se
920 2349 959 2413 ad
979 2349 1090 2432 jugera
1112 2347 1235 2412 circiter
1255 2345 1308 2424 20,
1332 2364 1368 2410 ex
1391 2345 1505 2429 quibua
1529 2347 1608 2410 eunt

243 2435 430 2501 inseminata
452 2434 578 2520 siligine
598 2437 708 2522 jugera
722 2437 751 2502 3.
775 2437 898 2503 Foeuile
922 2455 1017 2503 uuum
1040 2439 1088 2501 est
1103 2436 1143 2501 ad
1166 2435 1331 2501 selectores
1353 2433 1479 2499 circiter
1491 2433 1524 2498 6.
1548 2431 1607 2500 of-

243 2522 377 2588 ficialem
402 2525 508 2590 autem
531 2525 645 2591 ibidem
669 2525 885 2592 constituimus
909 2525 1069 2607 providum
1092 2523 1259 2608 Georgium
1283 2520 1418 2588 (lactina.

348 2610 495 2694 Sequenti
518 2612 666 2679 imediate
688 2613 747 2693 die,
772 2612 923 2697 quaeinit
947 2613 988 2677 10
1009 2612 1162 2678 mensis
1189 2610 1310 2695 junii,
1335 2629 1405 2676 cum
1428 2611 1606 2676 memorato

242 2697 367 2764 domino
390 2699 586 2766 rice-comite
612 2701 752 2767 venimus
774 2704 812 2768 ad
834 2703 1041 2784 possesionem
1064 2699 1216 2766 Lomui
1231 2717 1306 2764 caa
1326 2699 1359 2764 at
1380 2700 1606 2781 consequenter

242 2786 358 2852 curiam
372 2786 591 2854 Francisci
614 2788 894 2873 Bukoracblry
914 2790 1029 2854 ibidem
1045 2791 1242 2867 erstmotam
1265 2805 1359 2871 quam
1382 2803 1453 2852 cum
1479 2787 1604 2851 unirer-

243 2873 287 2940 sie
311 2875 448 2958 ejusdem
471 2877 573 2943 curiae
596 2877 791 2960 pertinentiis
814 2878 1059 2944 confiscarimus.
1095 2877 1143 2942 nd
1167 2877 1295 2942 eandem
1316 2875 1435 2940 curiam
1456 2877 1604 2957 spectant

243 2963 343 3028 coloni
366 2964 534 3042 servientes
557 2983 612 3050 per
627 2967 831 3050 septimanam
853 2967 971 3032 duabus
983 2965 1105 3050 quidem
1129 2965 1238 3030 diebus
1261 2981 1331 3029 cum
1352 2961 1514 3046 iumentis,
1539 2963 1606 3028 ter-

241 3051 287 3116 tio
311 3069 381 3117 vero
405 3051 454 3118 die
476 3054 633 3136 pedester,
665 3056 797 3138 suntque
827 3073 952 3120 numero
980 3055 1101 3119 circiter
1130 3053 1181 3118 23.
1213 3052 1257 3117 Hi
1280 3071 1350 3117 uero
1372 3051 1471 3117 coloni
1493 3069 1604 3116 omues

242 3142 400 3222 praestant
423 3140 575 3208 decimam
599 3142 661 3207 vini
694 3145 832 3226 tempore
855 3143 1047 3222 vindemiam
1081 3144 1152 3208 sunt
1172 3141 1204 3206 et
1226 3140 1279 3207 alii
1317 3137 1524 3206 montanistae
1546 3157 1607 3204 nn·
1640 3149 1645 3158 ·

229 3245 328 3296 mero
350 3228 473 3294 circiter
496 3227 549 3309 30,
573 3229 625 3314 qui
649 3229 796 3297 similiter
816 3232 967 3297 decimam
991 3230 1133 3315 qnotauis
1155 3227 1387 3294 administrant.
1410 3227 1604 3297 ,Terrarum

241 3315 407 3382 arabilium
430 3315 470 3382 ad
493 3319 696 3402 praemissam
720 3320 836 3385 curiam
862 3320 1068 3404 spectantium
1091 3320 1163 3382 sunt
1183 3317 1292 3402 Jugara
1307 3315 1432 3382 circiter
1447 3314 1500 3380 80.
1525 3315 1604 3381 Foe-

241 3403 318 3469 nilia
340 3403 380 3468 ad
403 3405 564 3472 falcatores
588 3407 711 3472 circiter
724 3405 776 3471 40.
803 3407 965 3493 sylvarum
989 3405 1184 3491 quantitatis,
1209 3403 1405 3488 unaquidem
1428 3403 1467 3469 ad
1487 3402 1604 3487 jugera

242 3491 366 3559 circiter
389 3491 441 3558 90.
466 3495 574 3579 majori
596 3497 684 3580 parte
703 3495 771 3580 jam
794 3495 975 3581 exstirpata,
999 3493 1062 3561 alta
1086 3493 1163 3560 item
1185 3493 1266 3559 silva
1287 3493 1327 3558 ad
1341 3492 1453 3577 jugera
1474 3491 1603 3558 circiter

286 4203 314 4276 ³)
329 4202 494 4260 Bukoradlri
522 4207 635 4263 utivale
665 4203 795 4280 takbdjer
827 4208 991 4284 „praedium
1015 4208 1219 4280 Barkiuaerina‚
1249 4208 1278 4262 iu
1311 4205 1486 4279 pertinentiis
1515 4207 1602 4262 castri

330 4291 516 4368 Puknprko“‚
540 4293 598 4367 koji
615 4297 646 4368 ja
668 4295 804 4368 pripadao
826 4297 958 4370 topnalroj
984 4298 1091 4371 opatiji,
1114 4297 1124 4352 i
1147 4297 1206 4369 noji
1225 4297 1256 4367 je
1277 4293 1411 4352 ondobic
1434 4294 1508 4350 karra
1534 4312 1600 4351 oco·

330 4397 389 4437 ruas
413 4381 527 4439 curialia
550 4389 579 4438 et
600 4384 751 4456 praedialis
774 4385 905 4443 abbatiae
928 4385 1155 4459 tbopusteuuia.‘
1202 4383 1288 4441 Poito
1307 4385 1339 4456 je
1363 4381 1530 4439 Bnkoradki
1552 4383 1602 4440 bio

330 4467 456 4524 amictam
479 4487 495 4524 u
519 4478 549 4525 tn
572 4478 664 4542 aratu,
686 4473 804 4545 pripade
827 4475 1012 4531 Berkiaerina
1033 4481 1099 4545 cpet
1114 4471 1339 4546 cagrabadkomu
1360 4471 1492 4544 bialrupn.
1525 4471 1601 4528 Mar·

331 4556 372 4612 tin
395 4556 536 4614 Borborid
558 4559 671 4632 odatupi
689 4563 723 4633 ju
743 4561 790 4632 J'ol
814 4563 906 4619 1670.
930 4563 994 4635 god.
1022 4579 1063 4634 gr.
1087 4559 1183 4636 llikoli
1205 4560 1330 4616 Erdiidiu
1354 4577 1388 4615 ua
1411 4559 1541 4630 dndnout,
1564 4560 1602 4617 da

331 4661 377 4700 mn
399 4646 463 4717 uraj
484 4645 566 4718 placa
589 4665 627 4704 na
649 4649 755 4720 godiuu
778 4651 833 4706 dra
855 4650 961 4706 dukata
982 4650 992 4705 i
1012 4650 1077 4720 daje
1096 4667 1130 4704 aa
1149 4647 1295 4720 bialrupalri
1318 4647 1448 4720 baudariJ
1471 4647 1527 4704 dra
1551 4648 1601 4705 ko·

329 4733 455 4804 njanilra,
478 4735 551 4790 ada
573 4736 704 4807 podanici
728 4737 837 4812 predija
857 4736 971 4811 pladaju
993 4737 1128 4794 daaetiua.
1151 4735 1342 4793 Donatiouale
1364 4755 1382 4792 u
1397 4735 1532 4798 nadbiak.
1556 4755 1600 4794 ar-

331 4819 406 4876 lrirn.
430 4821 493 4880 Vol.
518 4822 608 4897 xm,
631 4842 673 4880 ur.
697 4825 768 4880 abo.
793 4845 798 4853 ·
