3550 5272
1489 423 1555 490 229

189 594 300 680 vatahy
321 593 360 660 ad
376 595 539 662 confinium
557 596 757 663 Berhisevina
772 597 930 675 nostrum,
952 615 1082 681 cumque
1097 598 1161 666 iam
1174 601 1295 666 nostrus
1312 605 1415 682 partes
1434 601 1554 685 ingredi

190 683 324 762 volebat,
340 701 409 748 ecce
426 684 603 767 suggeritur
619 685 687 766 ipsi,
705 687 863 750 decretum
879 704 945 750 esse
963 687 1053 751 illum
1070 687 1147 770 capi,
1164 688 1261 752 immo
1275 706 1332 772 ego
1343 688 1409 771 ipse
1421 689 1555 772 ligatum

190 771 224 835 in
245 771 348 835 aulam
370 788 444 836 snas
468 771 640 836 maiestatis
664 774 744 856 quod
768 774 891 837 mittere
916 775 1026 848 velim;
1050 774 1165 838 auditis
1178 775 1293 840 talibus
1310 777 1417 843 contra
1434 796 1467 842 se
1482 795 1556 840 con-

191 856 380 923 clnsionihus
403 857 561 924 redierunt
584 878 652 924 cum
679 859 869 925 Rerislavich
892 860 924 926 in
945 861 1107 936 'lurcium
1133 861 1300 944 Pogledich
1326 862 1437 929 adme
1461 865 1555 943 veuit,

192 948 335 1011 oretenus
359 943 540 1011 relationem
561 946 644 1026 fecit,
668 947 743 1012 licet
756 947 784 1012 is
797 966 926 1031 quoque,
944 949 1124 1031 Pogledich,
1142 950 1268 1032 ignarus
1285 969 1387 1014 rerum
1404 951 1555 1029 omnium,

192 1051 268 1116 quae
290 1033 491 1116 Buhovatuhy
511 1034 640 1117 peregit.
664 1034 804 1099 Videndo
826 1053 881 1118 ego
900 1035 1143 1101 Bukovatnhium
1165 1055 1323 1102 reversum
1342 1056 1419 1114 esse,
1445 1039 1556 1104 iterato

193 1119 303 1203 scripsi
326 1119 372 1184 illi
397 1122 432 1186 ut
450 1121 564 1199 veniat,
589 1141 625 1186 ne
649 1122 768 1201 timeat,
793 1123 844 1204 qui
868 1123 992 1188 demum
1016 1123 1142 1188 aduenit
1165 1143 1235 1190 cum
1251 1125 1370 1190 duobus
1385 1127 1441 1190 aut
1457 1126 1556 1190 tribus

159 1231 165 1244 ·
193 1207 312 1274 Turcis.
345 1208 377 1272 Is
403 1208 572 1275 inebriatus
602 1210 728 1274 turcicis
758 1209 901 1274 fantasiis
929 1213 1159 1294 pretergressus
1194 1214 1293 1277 metas
1319 1230 1400 1292 snas,
1432 1213 1556 1277 comitis

195 1295 329 1362 Erdebdi
352 1296 467 1360 colonis
490 1295 646 1380 aliquibus
665 1297 816 1381 jumenta·
831 1298 943 1381 abegit,
967 1316 1059 1363 unam
1081 1302 1173 1382 atque
1189 1299 1283 1364 aliam
1299 1299 1425 1364 domum
1443 1300 1556 1366 nobilis

195 1385 356 1467 cujusdam
380 1383 502 1448 nomine
526 1383 668 1468 Vajdich,
692 1385 743 1469 qui
761 1384 986 1451 infensissimus
1002 1385 1088 1450 illius
1111 1386 1257 1452 inimicus
1281 1385 1352 1464 fuit,
1377 1386 1555 1452 colonorum

196 1471 400 1556 depopulatus
424 1475 480 1547 est,
505 1475 714 1536 commeatum
741 1472 953 1537 lvunicensem
976 1492 1030 1556 pro
1053 1493 1086 1538 se
1115 1473 1286 1556 usurpavit,
1319 1474 1450 1557 denique
1473 1473 1556 1552 iecit,

196 1579 272 1643 quse
295 1557 394 1623 facere
409 1577 467 1624 uon
483 1559 625 1624 debebat.
644 1560 760 1624 Iterato
782 1579 839 1643 per
861 1561 981 1626 litteras
1002 1559 1108 1644 rogavi
1131 1561 1231 1640 illum,
1249 1564 1284 1626 ul·
1300 1561 1338 1626 ad
1362 1580 1412 1626 me
1435 1562 1557 1636 veriats

196 1645 305 1730 scripsi
328 1645 508 1723 marchioni,
532 1646 680 1711 utillum
704 1647 796 1714 ducat
819 1647 858 1711 ad
880 1667 939 1728 me,
963 1667 1064 1732 quem,
1095 1649 1165 1732 juro
1197 1649 1228 1712 iu
1252 1648 1345 1714 deum
1368 1649 1556 1716 salvatorem

197 1753 310 1810 meum,
333 1733 469 1798 detinere
497 1733 649 1799 volebam.

299 1820 360 1886 Sed
393 1838 463 1886 ecce
502 1821 615 1886 iterum
645 1821 768 1887 fortuna
795 1821 874 1887 mihi
905 1823 1058 1892 contraria
1094 1824 1190 1889 alium
1222 1823 1368 1891 effectum
1398 1825 1554 1907 produxit.

193 1911 291 1975 Recte
313 1907 514 1992 Bulrovatzlry
534 1908 654 1974 volente
683 1911 722 1973 ad
745 1929 794 1974 me
817 1909 920 1975 venire
943 1911 1097 1992 generalis
1121 1909 1378 1976 Garlostadiensis
1409 1929 1555 1994 agressus

193 1998 282 2063 illum
293 1997 509 2070 revirummea
521 1997 610 2072 bona,
623 1995 804 2062 Brenovicza
817 1999 1001 2082 nuncupata,
1015 1999 1192 2081 occupavit3
1212 1999 1375 2080 nobilium,
1390 1999 1556 2064 viduarum

193 2083 390 2168 depraedavit
406 2083 505 2148 milite
517 2083 704 2162 confiuiario,
729 2085 819 2150 aedes
832 2085 1030 2169 Bukovatnky
1054 2086 1183 2150 vulcano
1199 2085 1339 2164 tradidit,
1358 2085 1410 2170 qui
1428 2083 1556 2152 videndo

193 2191 281 2237 suam
319 2171 451 2249 ruinam,
482 2171 693 2253 desperatione
725 2174 828 2237 motus
863 2173 961 2238 denuo
993 2172 1025 2236 iu
1063 2175 1206 2239 Turciam
1238 2174 1340 2250 rediit,
1373 2173 1454 2238 undo
1484 2174 1557 2257 post

193 2258 317 2342 aliquod
340 2261 473 2342 tempus,
506 2277 582 2342 quas
613 2259 690 2322 mihi
721 2259 843 2324 litteras
868 2260 1003 2342 scripsit,
1034 2279 1123 2326 armo
1154 2260 1278 2326 domino
1310 2261 1418 2326 sumiti
1449 2261 1558 2328 Rottal

193 2347 396 2431 praesentavi.
442 2345 531 2412 Unde
554 2348 692 2428 apparet,
727 2367 777 2411 me
800 2347 940 2412 totaliter
963 2347 1096 2412 inscium
1121 2367 1224 2414 rerum
1245 2367 1262 2413 a
1285 2367 1318 2412 se
1340 2347 1556 2413 conclusarum

193 2436 273 2519 apud
288 2436 504 2518 imperatorem
520 2432 694 2498 Turcicum.
721 2433 884 2499 Praeterea
907 2434 1071 2518 generalis,
1099 2435 1305 2517 triumphanti
1328 2435 1449 2512 similis,
1475 2437 1556 2518 iter

194 2524 313 2589 colonos
336 2538 422 2586 meos
446 2521 630 2586 stallorum
661 2522 844 2594 devastatus.
879 2541 950 2587 oum
983 2523 1113 2587 summis
1144 2523 1237 2586 minis
1258 2524 1290 2586 et
1312 2521 1483 2606 vituperiis,
1507 2540 1556 2588 me

192 2627 389 2693 agressurum
420 2607 605 2687 minabatur,
647 2609 726 2674 bona
756 2610 787 2673 in
821 2607 944 2674 Oroatia
974 2627 1043 2674 mea
1071 2609 1241 2691 occupavit,
1275 2609 1406 2674 confinia
1436 2611 1558 2674 caetera

193 2697 327 2779 undique
350 2697 457 2761 contra
481 2714 529 2759 ma
553 2697 693 2780 cogebat,
718 2696 808 2760 miles
831 2695 1027 2778 germanicus
1058 2696 1091 2760 in
1122 2696 1311 2762 eversionem
1335 2697 1444 2761 domus
1469 2714 1556 2762 meas

192 2785 327 2868 undique
350 2804 382 2848 se
415 2783 622 2867 congregarit.
653 2783 726 2848 Vidi
749 2801 834 2849 meos
865 2783 983 2866 legatos
1013 2785 1100 2849 extra
1129 2783 1299 2848 terminum
1334 2785 1459 2862 morari,
1492 2782 1556 2850 vidi

193 2872 368 2938 evidentem
397 2873 519 2936 ruinam
542 2889 643 2936 meam
672 2870 846 2948 accelerari,
878 2872 950 2936 hino
980 2889 1037 2936 non
1069 2871 1153 2936 aliud
1176 2870 1253 2936 mihi
1278 2871 1444 2953 imaginari
1468 2869 1556 2953 potui

193 2977 286 3046 quam
311 2959 390 3042 quod
410 2977 466 3023 sua
488 2957 637 3024 maiestas
660 2960 734 3024 adeo
757 2959 789 3023 in
812 2977 861 3023 me
884 2959 1037 3023 infelicem
1062 2975 1189 3023 accensa
1208 2958 1259 3036 sit,
1285 2961 1320 3022 ut
1342 2958 1482 3023 totaliter
1506 2976 1556 3023 me

194 3047 400 3113 annihilatum
424 3047 456 3112 et
478 3045 653 3128 vitupeross
675 3047 833 3111 mortuum
856 3046 969 3112 habere
999 3045 1085 3112 velit.
1117 3044 1317 3111 confirmauit
1352 3047 1384 3109 iu
1405 3064 1455 3109 me
1477 3044 1556 3112 hanc

195 3134 411 3200 credulitatem
435 3133 674 3216 praeteritorum
696 3135 869 3215 temporum
894 3134 1006 3208 semem
1034 3133 1096 3198 vidi
1121 3132 1204 3198 enim
1234 3134 1281 3198 tot
1304 3132 1556 3197 mortificationes

195 3222 304 3288 domui
327 3223 450 3287 nostrae
475 3219 589 3298 illatas,
614 3221 675 3288 vidi
706 3221 746 3285 ab
775 3221 900 3286 ineunte
931 3222 1032 3286 aetate
1056 3239 1125 3285 mea
1145 3219 1291 3303 principis
1313 3219 1501 3304 Auerspergi
1525 3219 1557 3283 in

197 3331 245 3375 me
269 3327 428 3374 rancorem
451 3309 633 3386 extremum,
658 3308 703 3373 sic
718 3308 798 3391 quod
821 3326 876 3390 pro
900 3310 947 3374 tot
969 3311 1002 3373 et
1020 3309 1117 3373 tantis
1140 3307 1281 3391 expensis
1303 3307 1381 3372 meis
1406 3307 1438 3372 in
1460 3307 1557 3372 servi·

195 3397 248 3462 tiis
280 3415 352 3462 suae
383 3395 557 3460 maiestatis
591 3397 791 3481 consumptis,
826 3414 880 3478 pro
912 3397 960 3462 tot
991 3396 1132 3462 fidelibus
1164 3395 1299 3461 servitiis
1332 3412 1403 3460 cum
1427 3394 1554 3477 J'actura

195 3484 278 3551 vitae
291 3487 322 3549 et
336 3485 495 3567 sanguinis
512 3483 688 3562 exantlatis,
712 3483 761 3549 vel
773 3483 937 3549 minimum
949 3482 1115 3548 aliviamen
1133 3487 1224 3560 sensi,
1245 3499 1301 3546 nec
1321 3481 1426 3564 aliqua
1439 3499 1557 3545 recom-

196 3591 290 3655 pensa
312 3570 390 3637 mihi
414 3589 549 3654 unquam
573 3572 647 3636 data
665 3571 775 3648 fuerim
800 3570 929 3653 denique
952 3570 1015 3634 vidi
1034 3571 1066 3633 in
1083 3570 1149 3634 dies
1161 3569 1427 3641 consumationem
1445 3567 1556 3632 domus

195 3679 292 3738 meae,
302 3662 460 3742 praeterea
472 3659 691 3725 malevolorum
704 3676 843 3723 meorum
856 3659 962 3722 contra
975 3676 1024 3722 me
1037 3658 1164 3734 conatus
1177 3655 1290 3721 extolli.
1300 3656 1385 3720 Haec
1396 3656 1428 3720 et
1440 3653 1557 3723 similia

194 3767 318 3813 mecum
351 3746 501 3812 volvendo
528 3747 559 3812 in
594 3746 842 3829 desperationem
872 3745 1010 3810 totaliter
1037 3745 1158 3827 lapsus:
1190 3763 1225 3807 ex
1259 3743 1332 3806 tunc
1361 3741 1555 3806 comitissam

191 3837 316 3902 viduam
340 3852 375 3900 ex
399 3853 469 3899 arce
492 3834 573 3899 crire
596 3837 738 3917 precatus
761 3851 840 3911 sum,
864 3833 997 3916 rogando
1019 3833 1123 3897 tamur
1144 3831 1232 3894 illam
1257 3829 1437 3911 saepissime
1454 3830 1489 3893 ut
1500 3825 1557 3894 illa

193 3941 314 4008 quoque
337 3923 440 4004 partes
464 3941 548 3986 meas
569 3923 643 4006 agat
665 3921 696 3987 in
717 3921 788 3986 aula
811 3921 891 4004 apud
915 3938 1003 3985 suam
1027 3919 1242 3994 maiestatem
1263 3918 1418 3982 tormenta
1436 3917 1467 3981 in
1484 3936 1555 3999 pro-

192 4010 366 4095 pugnacula
385 4011 493 4092 erponi
509 4010 623 4088 curavi,
644 4009 767 4094 vigilias
790 4027 827 4073 ex
841 4009 929 4091 parte
947 4007 1186 4072 christianitatis
1204 4005 1335 4083 institui,
1355 4023 1427 4069 cum
1443 4005 1555 4070 ventrio

192 4097 322 4165 hudensi
345 4097 656 4180 correspondentiam,
680 4116 749 4162 cum
774 4093 1004 4162 Canisiensibus
1028 4094 1183 4173 similiter,
1210 4093 1302 4170 inivi;
1328 4094 1359 4159 in
1384 4091 1555 4174 Ungariam

191 4188 260 4252 acta
282 4185 482 4269 Bulruvatrhy
506 4185 678 4252 extollendo
701 4184 822 4267 scripsi,
847 4201 925 4266 quae
948 4187 1053 4249 utrum
1077 4183 1256 4248 devenerint
1269 4181 1403 4257 litterae,
1426 4181 1551 4264 ignoro;

191 4274 321 4359 denique
340 4291 394 4356 pro
418 4271 610 4356 subterfugio
634 4273 798 4350 malorum,
822 4275 894 4336 ante
918 4270 1039 4336 occulos
1063 4289 1146 4336 meos
1168 4269 1368 4346 versantium,
1393 4266 1451 4332 feci
1474 4266 1554 4350 quod

191 4363 285 4446 potui.
310 4361 351 4426 at
373 4361 448 4425 licet
470 4360 629 4426 habuerim
653 4377 726 4442 pras
750 4358 892 4424 manibus
915 4358 1017 4424 media
1037 4359 1118 4423 male
1140 4358 1279 4435 faciendi,
1304 4374 1425 4438 semper
1448 4355 1554 4420 tamen

192 4449 310 4516 distuli.
334 4448 416 4513 Hinc
439 4447 564 4513 omuino
587 4447 714 4513 effectus
738 4448 799 4511 mei
822 4447 968 4512 criminis.

294 4551 355 4619 nse
387 4555 481 4632 Deus,
513 4551 564 4618 cui
595 4553 652 4618 soli
683 4553 789 4630 honor,
822 4551 890 4640 laus
927 4551 959 4616 et
1015 4551 1093 4618 loria
1130 4552 1162 4616 in
1193 4548 1323 4628 saecula,
1363 4548 1395 4611 in
1424 4546 1553 4612 meliora

192 4642 293 4720 vertit,
317 4660 379 4706 nen
404 4640 470 4705 sine
499 4639 629 4705 notabili
660 4640 772 4706 damno
802 4655 871 4704 meo
899 4640 964 4702 tarn
1037 4639 1130 4716 noris,
1162 4656 1255 4720 quam
1289 4637 1445 4701 honorum.
1470 4635 1551 4698 Nam

193 4747 259 4795 ecoe
304 4737 371 4795 ator
402 4728 553 4814 magister
575 4726 858 4828 hieruusllorstall
881 4726 1007 4826 adponit
1028 4726 1179 4827 sabbatho
1201 4725 1307 4826 sancto
1329 4722 1368 4825 ad
1391 4739 1552 4804 vesperum

192 4834 259 4884 cum
281 4749 398 4884 titteris
420 4815 589 4883 celsissimi
617 4833 763 4900 prrncrprs
796 4811 983 4895 hobkovrch,
1017 4813 1129 4897 qurhus
1161 4812 1315 4898 perlectus,
1343 4829 1375 4874 ιιι
1398 4809 1553 4873 momento
