3518 5266
201 357 263 422 116

198 549 285 598 suam
298 549 471 597 caesaream
485 533 517 596 et
529 530 646 614 regiam
658 530 862 595 maiestatem.
885 529 1033 608 Secundo,
1055 529 1113 592 hoc
1130 527 1253 592 crimen
1267 545 1334 591 esse
1350 525 1515 605 notorium,
1530 526 1563 590 et

160 692 163 699 ,
197 622 370 686 etiamnum
393 619 538 684 comitem
562 637 594 682 se
610 636 790 702 praeparare
813 619 851 682 ad
866 616 1050 682 inuadendos
1062 613 1262 680 fidelissimos
1285 613 1472 698 regnicolas,
1486 614 1562 678 sub-

198 707 276 773 ditos
300 708 332 773 et
354 706 525 789 prouincias
549 725 622 770 suae
647 704 829 771 maiestatis.
853 705 967 784 Tertio,
988 723 1075 769 suam
1100 701 1298 769 maiestatem
1324 699 1498 785 constringi
1521 701 1560 765 ob

198 813 353 862 summum
379 813 481 859 morae
504 794 677 876 periculum
699 795 786 859 tanto
810 794 892 858 malo
913 793 1039 857 obuiare
1061 791 1179 873 quanto
1210 790 1312 869 ocius,
1347 793 1379 855 et
1412 789 1479 853 ideo
1500 806 1561 853 non

197 882 362 947 admittere
385 881 533 964 temporis
556 881 750 964 angustiam,
783 884 818 946 ut
849 881 1052 946 convocentur
1084 877 1170 962 regni
1204 877 1352 956 comitia,
1378 877 1414 942 ut
1444 877 1476 941 iu
1499 876 1559 955 bis,

197 971 246 1036 vel
269 970 424 1034 mediante
448 987 601 1052 processu,
626 970 732 1034 contra
756 970 874 1034 dictum
897 969 1044 1033 comitem
1066 965 1294 1049 procederetur.
1328 964 1430 1031 Saluis
1454 964 1560 1049 itaque

196 1060 233 1122 de
255 1059 375 1123 caetero
397 1057 484 1142 regni
503 1057 624 1140 legibus
648 1058 679 1121 et
700 1056 876 1140 ,privilegiis
906 1075 996 1121 suam
1025 1054 1220 1119 maiestatem
1243 1051 1362 1136 regiam
1386 1051 1559 1130 declarare,

196 1147 317 1230 quarto,
341 1145 459 1210 dictum
483 1145 627 1210 comitem
651 1163 737 1208 reum
758 1143 979 1223 insedelitatis,
1007 1142 1111 1207 laesae
1141 1142 1316 1207 maiestatis
1348 1141 1380 1206 et
1415 1139 1561 1224 perduel-

195 1233 306 1310 lionis3
331 1233 484 1298 declarare
508 1234 642 1314 insuper,
666 1233 746 1314 quod
770 1232 916 1298 exciderit
939 1230 1084 1296 omnibus
1107 1228 1227 1308 officiis,
1259 1229 1379 1293 bonore
1401 1232 1434 1292 et
1456 1227 1559 1312 digui-

194 1321 321 1399 tatibus,
346 1320 529 1405 praesertim
552 1339 624 1385 uero
647 1320 783 1384 bauuatu
803 1317 956 1397 Oroatiae,
981 1317 1061 1402 quod
1084 1317 1188 1382 omnia
1216 1317 1281 1381 eius
1320 1316 1398 1380 bona
1422 1314 1487 1380 siut
1507 1333 1560 1380 ca·

196 1408 273 1473 duca
297 1409 328 1473 et
350 1408 482 1473 comissa
505 1409 537 1472 et
559 1408 661 1491 regiae
684 1425 822 1472 camerae
847 1406 1080 1489 incorporanda,
1108 1422 1179 1470 eum
1205 1403 1307 1470 etiem
1330 1403 1481 1468 declarari
1504 1420 1560 1486 pro

195 1496 321 1562 bannito
345 1495 376 1560 et
398 1495 587 1578 proscripto,
624 1512 795 1578 magnoque
819 1494 955 1578 praemio
978 1494 1165 1572 donandum,
1201 1491 1374 1576 quicunque
1406 1509 1476 1555 eum
1508 1491 1560 1555 uel

198 1584 316 1662 uiuum,
339 1582 390 1648 uel
413 1583 570 1648 mortuum
594 1582 798 1665 consignabit.

300 1687 495 1752 Admouendi
518 1703 624 1752 omnes
647 1687 829 1771 regnicolas,
866 1689 975 1752 vasalli
1000 1688 1031 1751 et
1053 1683 1171 1751 subditi
1195 1702 1268 1750 suae
1295 1684 1496 1763 maiestatis,
1521 1702 1559 1748 ne

194 1777 266 1841 huic
288 1776 385 1840 ullam
409 1774 492 1839 ultra
515 1775 674 1858 praestent
697 1774 903 1840 obedientiam
920 1775 976 1840 sub
992 1791 1090 1857 poena
1106 1772 1300 1838 infidelitatis
1327 1773 1359 1836 et
1386 1771 1560 1836 maiestatis

194 1865 306 1929 laesae.
320 1862 570 1927 Promittendum
593 1862 678 1926 illius
702 1863 845 1941 subditis,
870 1881 932 1939 eos,
957 1862 984 1925 si
1006 1861 1132 1945 pacifice
1144 1859 1288 1937 vixerint,
1314 1877 1370 1924 nec
1384 1877 1472 1923 arma
1488 1876 1559 1923 cum

195 1951 304 2018 Serino
326 1951 519 2028 sociaverint,
544 1950 582 2014 ab
606 1949 689 2014 omni
712 1950 825 2015 iniuria
837 1952 892 2015 aut
915 1948 989 2014 belli
1007 1949 1186 2014 calamitate
1203 1946 1422 2012 defendendos.
1447 1946 1560 2011 Decla-

194 2037 434 2122 candidamque
457 2055 511 2122 pro
536 2034 701 2102 rebellibus
717 2056 822 2103 omues
841 2036 1114 2120 illiuscomplioes,
1138 2035 1214 2100 socii
1238 2039 1269 2100 et
1281 2033 1447 2099 auxiliarii.
1473 2036 1557 2098 Data

194 2126 286 2193 huius
308 2125 540 2210 proscriptionis
564 2126 669 2208 posset
693 2127 763 2208 poni
795 2126 833 2190 ad
862 2125 1043 2190 hodiernum
1067 2125 1158 2189 diem.
1190 2121 1388 2205 llrpedienda
1424 2123 1474 2186 eet
1495 2140 1559 2186 ser-

195 2233 283 2279 mone
306 2211 421 2293 latino,
456 2215 486 2278 et
509 2213 535 2278 si
558 2213 624 2278 fieri
648 2214 752 2295 posset
775 2213 870 2292 ocius,
894 2212 998 2294 aliqua
1020 2209 1206 2295 exemplaria
1239 2209 1334 2274 etiem
1356 2208 1390 2273 in
1412 2208 1560 2292 lingua

195 2300 450 2367 sclavonica

298 2388 409 2454 Omnia
431 2388 593 2472 requirunt
616 2406 770 2454 summam
792 2388 996 2466 celeritatem,
1022 2404 1094 2450 nam
1129 2385 1265 2450 erastino
1298 2383 1398 2450 abibit
1431 2385 1470 2449 ad
1494 2403 1560 2449 me·

194 2477 303 2542 ridiem
327 2476 538 2554 cancellarius,
563 2475 704 2541 nonnisi
730 2479 800 2558 post
823 2477 937 2559 pascha
960 2492 1149 2540 reuersurus.
1176 2473 1253 2539 Vale
1277 2471 1456 2552 alseatina,
1482 2473 1555 2537 tuus

195 2563 493 2648 obsequentissimus
517 2563 641 2628 Hocber
665 2582 749 2646 mp.
776 2563 913 2628 Viennae
937 2562 978 2626 29
1004 2560 1108 2627 martii
1136 2561 1227 2626 1670.

298 2652 465 2720 luvana:
489 2652 591 2716 Herrn
614 2650 820 2736 christophor
843 2649 981 2727 Abelen3
1004 2669 1041 2715 au
1064 2649 1154 2732 sigen
1175 2647 1307 2713 handen.

860 2841 941 2898 b..

198 2954 344 3028 Uparslcoj
367 2970 397 3014 se
420 2953 597 3026 baaoelarija‘
619 2970 640 3011 a
662 2953 719 3012 ime
741 2953 842 3026 brutia
864 2952 1016 3025 Leopotda
1039 2947 1153 3020 amate,
1177 2950 1218 3008 cta
1243 2948 1344 3022 dctaje
1367 2947 1496 3010 aaredbe
1513 2949 1557 3008 ia·

192 3043 268 3102 dade
288 3041 370 3116 piade
393 3041 581 3112 tmeoooaaja
604 3040 729 3100 babebit
760 3041 969 3113 aamieatatlca,
1002 3040 1129 3112 bisbapa
1151 3037 1197 3095 Μ.
1220 3036 1389 3096 Borboeida
1418 3037 1452 3095 in
1478 3037 1555 3096 iuri-

519 3127 602 3204 dicis,
623 3145 669 3201 pr.
692 3127 805 3187 Neaera
827 3127 966 3187 Erdddc'a
987 3128 1021 3186 ta
1042 3126 1233 3186 militaribus.

297 3245 532 3313 Sacratissimae
555 3264 714 3311 caesareae
747 3263 782 3311 ac
815 3247 916 3329 regiae
948 3245 1121 3311 maiestatis
1145 3244 1262 3308 domiui
1294 3243 1392 3307 nostri
1422 3242 1558 3308 clemen·

192 3335 309 3402 tissimi
333 3334 466 3410 nomine,
491 3333 691 3399 cancellariae
715 3332 933 3416 aulico-regiae
957 3332 1153 3417 Hungaricae
1173 3331 1257 3396 hisee
1286 3330 1472 3414 perbenigne
1493 3330 1557 3415 sig·

190 3423 387 3490 nificandum.
411 3419 559 3486 Constare
583 3421 682 3486 eidem
707 3439 800 3504 quam
831 3421 966 3506 optime,
999 3421 1129 3504 quibus,
1160 3437 1316 3503 quamque
1347 3417 1494 3501 gravibus
1517 3418 1556 3483 de

190 3511 292 3578 causis
316 3510 468 3576 altissime
493 3510 665 3574 memorata
687 3527 742 3574 sua
766 3508 913 3591 majestas
938 3509 1066 3574 Petrum
1089 3505 1236 3578 comitem
1262 3506 1300 3570 ds
1327 3505 1410 3584 Zrin,
1435 3507 1474 3570 ob
1495 3507 1556 3570 eri·

188 3619 260 3666 meu
284 3617 393 3682 nempe
417 3596 520 3664 laesae
544 3595 728 3680 majestatis,
761 3595 981 3680 perduellionis
1004 3600 1097 3679 atque
1121 3593 1328 3672 infidelitatis,
1361 3593 1393 3657 iu
1425 3593 1555 3659 eandem

191 3687 400 3772 compluribus
425 3687 523 3751 modis
547 3686 758 3764 commissum,
783 3683 1057 3763 omnibusoffrciis,
1079 3682 1258 3759 honoribus,
1282 3680 1465 3764 privilegiis,
1492 3679 1553 3746 im·

191 3775 469 3856 munitatibusque,
494 3774 526 3838 et
549 3773 732 3856 praesertim
766 3773 898 3838 bauatus
921 3773 953 3836 in
976 3770 1101 3838 Oroatia
1135 3773 1167 3835 et
1190 3769 1352 3836 sclavonia
1382 3768 1501 3834 exuerit
1525 3770 1557 3834 et

190 3863 369 3945 privaverit,
393 3864 484 3943 atqua
500 3861 647 3925 rebellem
662 3860 911 3943 proclamaverit,
935 3859 1221 3942 proscripseritque.
1247 3855 1327 3935 Quia
1342 3875 1450 3922 verum
1466 3873 1556 3938 prae·

190 3968 260 4014 sens
283 3968 385 4013 rerum
410 3949 512 4013 status
535 3950 626 4030 atque
650 3949 817 4013 necessitas
849 3947 974 4012 omnino
997 3946 1110 4030 erigit,
1145 3965 1183 4010 ne
1202 3946 1295 4010 hocce
1330 3944 1463 4009 baeatus
1487 3943 1556 4008 offi-

190 4038 272 4101 cium
296 4037 348 4101 diu
372 4037 477 4112 vacet;
514 4036 566 4099 sed
588 4035 744 4100 nominato
768 4035 888 4114 Zriuio,
921 4033 959 4099 ad
988 4034 1111 4118 quasvis
1144 4030 1339 4098 confusiones
1370 4049 1556 4115 praecaven-

190 4124 256 4204 das,
281 4123 533 4206 quamprimum
559 4123 638 4187 alius
661 4121 782 4188 fidelior
805 4124 836 4187 et
863 4122 1011 4205 integrior
1035 4124 1092 4187 hoc
1116 4121 1147 4186 in
1176 4139 1303 4185 munere
1328 4118 1554 4200 substituatur3

190 4215 350 4296 eapropter
376 4210 524 4276 maiestas
548 4227 603 4274 sua
626 4209 847 4293 benignissime
870 4230 937 4275 sose
960 4210 1103 4288 resoluit,
1135 4211 1168 4274 et
1206 4209 1354 4273 baustum
1377 4211 1460 4270 buno
1482 4225 1554 4290 reg-

189 4319 298 4365 norum
322 4298 462 4364 Oroatiae
486 4300 517 4362 et
542 4297 720 4365 Sclavouiae
744 4298 775 4362 in
794 4297 933 4363 iuridicis
965 4297 1090 4381 quidem
1113 4296 1237 4363 domiuo
1273 4294 1414 4378 episcopo
1438 4294 1554 4378 Zagru-

189 4387 298 4464 biensi,
324 4389 472 4469 tanquam
492 4386 579 4468 regni
602 4384 688 4450 illius
712 4385 850 4468 primati,
873 4387 905 4449 in
922 4384 1110 4450 militaribus
1127 4403 1197 4450 vero
1220 4385 1252 4448 et
1282 4381 1403 4447 bellicis
1427 4381 1552 4448 domino

188 4474 317 4540 Nicoleo
342 4474 449 4540 comiti
473 4472 615 4550 Erdeodi,
641 4474 800 4557 capitaneo
822 4473 1017 4548 Petriuicnsi,
1041 4472 1135 4537 ducta
1160 4471 1274 4537 eximia
1296 4469 1458 4553 utriusque
1481 4469 1553 4548 fide,

188 4563 359 4641 devotione,
382 4562 575 4641 dexteritate,
599 4561 695 4644 atque·
715 4561 878 4643 prudentia
909 4577 1149 4642 saepenumero
1174 4559 1393 4641 comprobata,
1426 4576 1484 4638 pro
1506 4559 1555 4623 in·

186 4651 281 4716 terim
304 4653 334 4715 et
358 4650 526 4732 provisorio
550 4650 639 4714 modo
661 4649 804 4728 contulit,
827 4648 937 4714 iisdem
966 4647 1070 4713 omnia
1090 4647 1162 4712 huic
1182 4647 1303 4712 muneri
1325 4662 1442 4711 annexa
1477 4646 1554 4725 iura,

186 4738 400 4804 immunitates
423 4739 455 4802 et
477 4737 638 4822 privilegia
660 4754 715 4820 pro
738 4739 878 4818 tempore
901 4736 959 4802 boo
989 4735 1203 4820 impertiendo.
1228 4735 1274 4800 De
1298 4750 1359 4818 qua
1381 4732 1453 4799 beni
1467 4734 1557 4819 gnis-
