3550 5272
220 459 286 526 228

212 635 284 718 post
313 630 436 714 aliquod
465 632 588 712 tempus
621 647 692 694 cum
723 628 913 693 Berislavioh
948 632 980 693 et
1010 627 1198 711 Pogledicb,
1235 627 1347 692 iterato
1388 625 1572 691 obtestando

212 719 412 797 Bulrovatzlri,
435 719 471 782 ut
488 718 610 782 mittam
627 718 814 800 quantocyus
829 717 867 781 ad
884 715 1121 798 postulationem
1137 715 1331 797 imperatoris
1346 713 1489 788 Turcici3
1507 715 1578 778 tum

213 811 339 874 demum
362 806 446 872 varia
468 803 616 870 volvendo
639 822 760 868 mecum
784 803 904 868 addidit
924 803 1089 868 stimulum
1113 803 1277 880 missionis,
1306 801 1386 885 quod
1407 801 1580 865 indubitate

215 896 407 961 referebatur
428 895 499 976 post
521 894 644 975 captam
657 889 815 967 (laudiam,
840 910 917 974 quae
933 892 999 975 jam
1021 890 1126 955 dedita
1142 893 1208 954 erat
1223 889 1340 965 Tereia,
1359 889 1440 955 velle
1456 889 1580 954 omniuo

214 985 318 1069 partes
341 983 463 1046 nostras
486 980 623 1062 aggredi,
653 977 866 1062 principaliter
895 979 932 1043 ad
959 977 1201 1042 eradicationem
1236 978 1297 1042 mei
1320 977 1443 1041 omniuo
1466 979 1582 1054 venire,

214 1074 247 1138 et
269 1089 306 1136 ne
321 1068 445 1152 penitus
460 1067 633 1146 absorbear,
656 1065 784 1130 essendo
799 1065 966 1132 cumomni
982 1084 1051 1130 mea
1066 1066 1241 1131 substantia
1258 1065 1289 1128 in
1303 1063 1442 1129 confiniis
1461 1064 1580 1145 primus

215 1157 299 1224 omui
336 1156 527 1222 extremitati
559 1155 726 1236 expositus,
754 1155 907 1236 praescire
941 1153 1082 1218 volebam
1116 1152 1182 1217 fata
1215 1169 1286 1216 mea
1317 1153 1349 1216 et
1378 1151 1583 1216 intentionem

215 1247 389 1322 Turcicam3
406 1244 438 1307 et
450 1242 523 1307 lieet
535 1261 585 1307 me
597 1259 758 1326 syncerum
773 1240 1025 1306 demonstrabam
1044 1237 1253 1304 Bnlrovatzlrio
1275 1239 1308 1302 io
1324 1239 1415 1303 rebus
1434 1238 1578 1303 'Puroicis

216 1330 446 1417 amplectendis,
474 1347 644 1412 numquam
672 1331 895 1394 tamen-meus
927 1347 995 1392 mea
1015 1328 1075 1392 fuit
1104 1333 1207 1410 partes
1240 1326 1387 1391 Turcicas
1416 1325 1577 1409 amplecti,

217 1422 262 1486 sic
285 1439 334 1484 me
358 1418 441 1482 Deus
470 1417 596 1498 adjuvet
623 1417 655 1480 in
679 1417 792 1481 ultima
814 1415 888 1480 bora
910 1417 1018 1480 mortis
1041 1433 1137 1480 meae.
1162 1415 1298 1478 Domum
1321 1413 1430 1496 scripsi
1461 1415 1584 1478 litteras

216 1508 333 1573 turcico
356 1504 534 1586 imperatori
556 1503 767 1580 credentiales,
790 1506 949 1586 tamquam
973 1503 1125 1567 mittendo
1142 1501 1443 1584 plenipotentiarium
1460 1519 1587 1578 meum余

219 1598 342 1676 insuper
365 1592 434 1656 dedi
457 1591 668 1655 Bukovatzlrio
694 1590 832 1673 sigillum
867 1609 979 1668 meum,
1010 1608 1047 1654 ne
1072 1608 1167 1655 vacua
1199 1607 1293 1653 mauu
1317 1588 1408 1653 adeat
1431 1589 1585 1654 turcicum

220 1681 450 1763 imperatorem,
476 1679 512 1742 ut
535 1695 571 1740 ne
595 1679 776 1742 crudelitate
793 1678 910 1743 torcica
928 1680 1054 1760 propter
1077 1677 1288 1760 suspicionem
1309 1677 1432 1758 peream
1460 1678 1513 1741 sed
1534 1673 1586 1741 vel

220 1769 381 1833 minimam
393 1763 626 1830 instructionem
639 1765 698 1845 ipsi
711 1765 794 1840 dedi3
813 1766 1031 1830 immoiniumri
1044 1765 1135 1844 serio,
1152 1765 1187 1828 ut
1196 1766 1221 1828 si
1232 1765 1347 1848 puncta
1357 1762 1583 1829 accordatiouis

219 1854 428 1939 aggrediatur,
457 1853 592 1916 reservet
621 1852 679 1915 sibi
710 1871 804 1916 unum
833 1857 887 1916 aut
913 1853 1047 1916 alterum
1073 1854 1230 1933 punctum,
1266 1870 1359 1933 supra
1389 1851 1469 1933 quod
1500 1851 1585 1915 dicat

219 1962 279 2009 non
301 1941 414 2007 babere
437 1957 455 2003 a
477 1957 526 2004 me
550 1938 821 2021 plenipotenciam,
846 1941 913 2003 ideo
936 1940 1047 2004 debere
1069 1939 1183 2003 reverti
1205 1937 1245 2002 ad
1263 1957 1322 2016 me,
1345 1939 1381 2003 ut
1397 1940 1582 2021 tempestive

218 2049 264 2108 ea,
278 2047 355 2112 quae
370 2028 469 2106 eruut,
488 2043 562 2090 suae
574 2028 729 2091 maiestati
742 2027 864 2090 domino
884 2029 988 2090 uestro
1007 2026 1197 2090 clementissi
1205 2044 1253 2090 mo
1269 2043 1433 2108 suggerere
1451 2043 1586 2108 possem.

219 2116 306 2183 Nulli
321 2114 425 2198 palam
440 2113 540 2178 facere
557 2114 615 2178 iter
635 2114 774 2196 ipsorum
797 2133 890 2178 ausus
913 2133 993 2186 sum,
1017 2112 1247 2191 considerando,
1265 2112 1292 2177 si
1308 2113 1411 2178 'lorea
1426 2113 1586 2179 resciverit

219 2205 297 2270 haec
309 2221 376 2267 esee
395 2201 573 2280 subornata,
596 2201 665 2266 illos
678 2200 795 2283 perdet,
812 2212 843 2266 et
860 2203 926 2266 dedi
946 2202 1020 2282 ipsis
1041 2199 1134 2265 fidem
1149 2199 1226 2265 nulli
1250 2219 1299 2266 me
1318 2201 1396 2266 velle
1414 2199 1586 2284 patefacere

220 2293 281 2358 iter
301 2290 438 2355 illorum.

326 2377 378 2444 Sic
410 2375 548 2460 aggressi
572 2375 632 2440 iter
654 2376 724 2458 post
739 2375 853 2440 festum
870 2375 953 2440 beati
969 2374 1109 2446 Martini:
1129 2376 1281 2440 terminus
1297 2375 1407 2441 horum
1423 2376 1483 2441 fuit
1499 2377 1585 2441 rede-

221 2465 295 2532 undi
309 2465 347 2530 ad
359 2483 517 2529 summum
529 2465 566 2528 ad
579 2461 694 2527 festum
706 2464 800 2527 trium
814 2463 934 2546 Regum
946 2487 952 2540 余
972 2463 1025 2527 sed
1038 2463 1111 2527 deus
1124 2463 1215 2529 aliter
1235 2463 1350 2541 voluit余
1372 2463 1587 2548 Bulrovatzlry,

221 2555 377 2620 inescatus
388 2551 513 2616 turcicis
529 2550 701 2633 promissis,
721 2551 857 2633 plenarie
872 2551 1023 2616 conclusit
1038 2569 1106 2616 cum
1127 2551 1246 2633 punctis
1263 2551 1340 2616 mibi
1355 2550 1387 2614 in
1403 2552 1585 2616 hodiernum

223 2643 305 2707 diem
329 2639 453 2722 ignotis,
477 2639 547 2703 tum
569 2639 762 2703 conclusione
784 2639 867 2703 faeta
892 2638 931 2704 ad
955 2639 1122 2703 roboranda
1137 2641 1253 2721 puncta
1273 2656 1344 2702 cum
1357 2636 1461 2721 sigillo
1474 2639 1586 2704 turcici

220 2727 419 2812 imperatoris
442 2727 555 2790 missus
578 2729 626 2790 est
648 2727 680 2790 iu
696 2723 845 2791 Candiam
868 2725 906 2790 ad
928 2727 1074 2791 venirium
1091 2744 1255 2808 magnum余
1278 2743 1421 2808 agressus
1438 2726 1588 2792 iterante

223 2809 361 2882 natalem
383 2814 500 2879 domini
519 2813 748 2896 quatuordecim
767 2815 891 2878 diebus.
915 2814 960 2878 llo
982 2815 1119 2895 tempore
1141 2813 1324 2878 universalis
1345 2815 1516 2897 tempestas
1533 2833 1588 2897 per

224 2905 326 2969 totum
349 2903 454 2966 orbem
482 2901 649 2979 saeviebat,
673 2901 711 2966 ob
734 2919 827 2983 quam
851 2902 995 2965 detentus
1023 2919 1082 2964 uno
1112 2901 1144 2964 et
1170 2900 1270 2964 medio
1301 2917 1405 2964 mense
1432 2902 1464 2965 in
1496 2903 1586 2967 mari.

224 2991 313 3056 Unde
330 3008 391 3054 non
412 2989 504 3054 aliter
526 2988 714 3070 imaginatus
736 2988 813 3052 mihi
842 3007 921 3064 sum,
949 3007 1040 3071 quam
1069 2986 1147 3071 quod
1176 2989 1299 3071 cognita
1329 2988 1402 3052 anni
1425 2989 1586 3070 praeteriti

226 3077 412 3142 revelatione
425 3077 457 3139 iu
469 3074 540 3140 aula
552 3093 625 3140 suae
638 3075 810 3140 maiestatis
824 3076 979 3140 tractatus
993 3093 1112 3140 mecum
1122 3074 1192 3139 initi
1203 3073 1420 3140 curavitillum
1431 3077 1588 3154 trucidari,

226 3165 277 3230 vel
299 3166 377 3244 quod
399 3163 431 3226 iu
454 3162 564 3226 itinere
587 3163 689 3244 aliquo
719 3180 793 3226 casu
827 3163 1012 3227 occubuerit.
1043 3163 1084 3226 Et
1106 3180 1175 3226 ecce
1205 3163 1287 3226 circa
1308 3161 1445 3226 medium
1471 3164 1588 3228 mensis

228 3251 332 3314 martii
357 3248 456 3329 recepi
479 3249 601 3314 litteras
624 3248 710 3314 illius
732 3250 821 3313 datas
844 3268 881 3313 ex
903 3250 1031 3314 castello
1052 3250 1134 3329 Zriu,
1170 3249 1308 3314 confiniis
1339 3251 1454 3314 nostris
1481 3251 1589 3329 vicino,

229 3337 359 3421 (interea
380 3337 486 3401 autem
509 3336 709 3400 Berialevvich
732 3339 764 3400 et
780 3337 948 3419 Pogledicb
964 3336 1131 3401 haeserunt
1150 3337 1232 3418 apud
1248 3337 1370 3402 bassam
1387 3337 1590 3403 Bosniensem

228 3427 261 3491 in
283 3422 426 3489 Zaraievo
445 3423 587 3506 Bosnae).
611 3423 647 3486 ln
671 3421 786 3487 litteris
808 3424 884 3488 mibi
908 3424 1127 3504 intentimavit,
1152 3443 1184 3488 ee
1208 3425 1310 3489 omnia
1333 3423 1371 3488 ad
1395 3424 1588 3490 voluntatem

230 3511 415 3579 conclussise
438 3509 621 3574 omnimode.
646 3511 731 3575 Inter
752 3510 827 3574 haec
841 3512 946 3577 autem
966 3513 1048 3576 circa
1064 3511 1177 3576 festum
1195 3512 1453 3577 circumcissionis
1472 3514 1590 3577 domiui

229 3600 352 3683 aufugit
365 3617 443 3664 uuus
460 3598 598 3680 captivus
613 3599 702 3663 miles
718 3598 877 3680 gregarius
894 3599 1016 3664 comitis
1030 3598 1149 3663 Nicolai
1165 3598 1305 3674 Erdebdi,
1323 3598 1375 3681 qui
1391 3601 1512 3677 retulit,
1528 3603 1591 3666 Bu

229 3687 428 3754 lrovatzlrium
442 3686 505 3751 fore
523 3686 554 3750 in
574 3686 693 3764 Turcia,
715 3685 809 3751 ivisse
818 3688 856 3750 ad
870 3687 1087 3770 imperatorem
1099 3687 1252 3750 turcicum
1263 3705 1334 3751 eum
1345 3688 1589 3768 praenominatis

231 3777 333 3841 sociis.
350 3775 436 3840 Haeo
454 3774 605 3838 resciente
623 3775 736 3840 comite
752 3773 913 3851 Erdeodio,
938 3773 1035 3840 veteri
1061 3772 1131 3838 odio
1146 3773 1255 3838 ductus
1272 3792 1345 3857 erga
1368 3793 1416 3838 me
1433 3777 1465 3840 et
1484 3775 1590 3840 Buk'o-

230 3862 398 3938 vatzkium,
422 3863 473 3927 hie
496 3863 598 3926 totum
621 3880 751 3944 regnum
781 3861 924 3944 implevit
954 3860 1235 3938 diffamationibus3
1264 3859 1335 3925 hinc
1366 3863 1590 3943 conventicula,

231 3948 359 4016 consilia
372 3951 478 4013 contra
491 3968 540 4014 me
557 3949 768 4028 volvebantur,
785 3949 940 4032 captivum
956 3949 1120 4016 Graeciam
1137 3967 1241 4014 secum
1256 3948 1392 4030 deduxit,
1409 3967 1481 4014 cum
1498 3951 1591 4016 collo

232 4037 324 4103 nellis
348 4036 433 4100 varia
454 4039 560 4101 contra
583 4055 633 4100 me
656 4037 850 4102 moliebatur.
1424 4037 1434 4050 '

339 4139 441 4205 Redeo
468 4142 506 4205 ad
537 4142 758 4207 continentiam
787 4142 981 4208 narrationis.
1016 4142 1129 4208 Statim
1158 4161 1228 4207 cum
1253 4142 1438 4225 recepissem
1470 4144 1592 4210 litteras

233 4228 448 4306 Bulrovatzlrii,
473 4229 524 4311 qui
547 4231 621 4293 tunc
644 4233 768 4312 propter
800 4230 885 4294 nives
908 4231 988 4297 altas
1019 4232 1123 4297 venire
1151 4249 1212 4296 nou
1235 4231 1346 4312 potuit,
1371 4232 1591 4298 considerando

235 4319 358 4399 tempus
383 4316 473 4381 breve
497 4334 574 4394 esse,
598 4316 693 4394 illico,
716 4318 839 4382 nemine
863 4319 987 4392 sciente,
1011 4339 1063 4400 per
1078 4338 1107 4400 p.
1121 4317 1308 4401 magistrum
1326 4319 1463 4384 Forstall
1488 4321 1593 4404 rogavi

236 4404 329 4487 episc.
343 4401 580 4485 cagrabiensem,
598 4406 633 4468 ut
645 4403 735 4469 adeat
749 4423 838 4469 suam
856 4407 1052 4471 maiestatem
1065 4408 1097 4470 et
1109 4408 1266 4488 proponat,
1284 4406 1438 4489 inquibus
1454 4409 1595 4474 terminia

237 4492 279 4557 sit
302 4491 471 4574 negotium,
498 4491 530 4554 et
551 4491 586 4554 ut
610 4509 666 4556 sua
688 4492 872 4557 dexteritate
890 4493 1005 4558 efficiat
1020 4492 1101 4575 apud
1123 4509 1212 4558 suam
1234 4496 1429 4574 maestatem,
1444 4498 1596 4578 quatenus

237 4578 313 4643 mihi
337 4579 505 4660 provideat,
530 4595 568 4643 ue
590 4579 695 4644 nolens
719 4579 823 4663 mus
835 4579 962 4645 debeam
976 4581 1140 4645 adhaerere
1159 4580 1277 4660 Turcis,
1294 4584 1327 4647 et
1341 4583 1467 4647 similia.
1485 4583 1596 4650 Dictus

238 4666 399 4748 episcopus
414 4668 538 4748 praeter
560 4684 646 4748 spem
669 4684 771 4731 meam
796 4667 849 4732 diu
872 4668 922 4732 hic
944 4668 1082 4733 moratus
1106 4669 1172 4743 est余
1194 4667 1320 4734 iuterim
1343 4670 1432 4734 audio
1463 4671 1596 4736 Turcam

238 4753 417 4836 congregari
430 4753 576 4835 undique,
602 4755 710 4819 iterato
720 4754 828 4836 misip.
839 4755 1026 4838 magistrum
1039 4755 1181 4820 Marcum
1191 4756 1327 4821 Forstall
1342 4759 1381 4822 ad
1394 4777 1482 4824 suam
1495 4759 1594 4824 maie

236 4843 348 4913 statem
362 4859 432 4907 cum
451 4841 725 4925 supplicationibus
738 4842 816 4906 meis
828 4842 1022 4909 humillimis.
1040 4844 1124 4908 Dum
1139 4844 1214 4909 baec
1230 4845 1373 4928 agebam,
1386 4847 1470 4912 venit
1484 4847 1591 4912 Bulro
