3578 5276
214 351 280 416 340

209 525 308 608 primo
333 525 363 587 iu
387 523 472 588 Julio
495 523 526 586 in
551 542 695 607 campum
718 525 840 607 prodire
864 526 973 602 solent,
997 527 1157 607 expectare
1173 525 1387 602 intendissem,
1404 527 1456 589 sed
1473 527 1578 590 omnia

208 614 273 677 alto
297 611 420 677 silentio
444 612 655 695 praemissam,
680 612 829 677 simulata
852 612 1193 691 intereasummafide,
1213 615 1363 697 usquead
1386 613 1579 678 destinatum

211 702 346 782 tempus.

317 788 346 850 V.
370 785 631 851 Efficacissimum
656 790 874 869 argumentum
899 789 955 864 est,
980 788 1061 870 quod
1085 789 1173 853 nulla
1196 788 1431 872 praeparatoria
1445 788 1583 866 fecerim,

212 875 331 940 nullum
356 878 574 954 commeatum,
593 873 778 952 annonam,
813 875 1017 939 munitionem
1053 882 1108 939 aut
1139 877 1272 941 militem
1317 895 1371 960 pro
1406 875 1583 941 defensione

209 965 300 1028 unius
324 961 385 1026 diei
409 965 664 1045 comparaverim,
689 963 765 1026 nulli
791 981 930 1027 meorum
966 965 1100 1027 dederim
1135 965 1273 1028 ordinem
1310 964 1450 1028 sumendi
1484 982 1583 1042 arma,

209 1051 329 1116 nullam
353 1067 475 1131 prorsus
499 1051 708 1114 resistentiam
744 1051 879 1126 fecerim,
916 1051 1097 1133 nullamque
1133 1050 1343 1116 hostilitatem
1381 1051 1581 1129 exercuerim,

207 1140 350 1221 quamuis
376 1136 465 1200 miles
490 1137 664 1202 Maiestatis
689 1138 818 1202 Vestrae
842 1136 1010 1202 Caesareae
1035 1139 1084 1203 vir
1105 1140 1144 1203 ad
1166 1141 1186 1202 3
1209 1142 1265 1203 aut
1287 1140 1308 1201 4
1333 1159 1373 1203 m.
1398 1157 1583 1204 annumera-

208 1227 293 1292 retur
316 1226 348 1288 et
370 1225 471 1288 lassus
496 1224 640 1308 nulloque
665 1225 771 1290 ordina
796 1225 977 1289 conveniens
1005 1228 1043 1290 ad
1067 1227 1302 1292 internetionem
1339 1227 1433 1291 deleri
1464 1228 1582 1307 potuis·

207 1320 263 1378 set.
290 1312 404 1376 Filium
428 1311 559 1394 denique
585 1314 621 1377 ad
646 1312 794 1376 Vestram
813 1311 1012 1378 Maiestatem
1029 1312 1212 1380 Caesaream
1227 1332 1282 1397 per
1308 1318 1428 1396 patrem
1447 1315 1583 1379 Foratall

208 1401 274 1466 sine
292 1418 378 1463 mora
395 1402 449 1462 aut
465 1401 720 1482 tergiversatione
745 1401 912 1480 misserim,
935 1403 1207 1484 promisserimque
1231 1401 1330 1465 eidem
1348 1403 1427 1483 patri
1446 1401 1582 1466 Foratall

208 1507 258 1552 me
282 1506 341 1551 una
364 1487 487 1563 ituram,
514 1488 560 1551 vel
584 1487 746 1552 confestim
782 1491 993 1570 sequuturam,
1019 1491 1260 1572 quotiescunque
1294 1488 1405 1554 Vestra
1431 1489 1578 1554 Caesarea

208 1575 357 1640 Maiestas
379 1574 511 1656 juberet.

314 1663 392 1726 Cum
416 1667 519 1726 tamen
544 1663 622 1726 mihi
645 1662 829 1727 facillimum
854 1662 965 1728 fuisset
989 1664 1139 1728 divertere
1163 1666 1218 1728 aut
1241 1663 1370 1748 digredi,
1398 1682 1576 1747 quocunque

207 1749 340 1828 luberet,
362 1749 393 1812 in
428 1750 564 1827 Italiam,
596 1750 804 1829 Germaniam,
839 1751 1009 1834 ngariam
1040 1753 1095 1816 aut
1128 1751 1282 1827 Tusciam,
1318 1755 1351 1817 et
1385 1755 1450 1816 tam
1488 1753 1579 1817 amici

208 1856 301 1920 quam
325 1837 442 1900 inimici
468 1838 527 1900 mei
562 1838 698 1902 multum
730 1839 973 1920 improbaveriut
1005 1838 1172 1904 adventum
1207 1859 1322 1918 mcum,
1357 1841 1426 1904 veui
1461 1843 1577 1918 minen,

202 1924 281 2006 quia
304 1923 419 1988 nullius
444 1925 584 1989 malitiae
608 1927 684 1989 mihi
708 1925 848 1990 conscius
872 1945 967 1990 eram.
1063 1941 1065 1946 ’

312 2011 407 2074 Hisce
431 2013 623 2094 argumentis
647 2014 723 2077 bene
748 2015 915 2094 perpensis,
940 2032 1030 2079 nemo
1052 2017 1099 2078 est
1134 2017 1185 2098 qui
1221 2014 1370 2098 suspicari
1394 2016 1502 2097 possit,
1530 2033 1580 2078 me

207 2100 341 2165 voluisse
365 2116 383 2161 a
406 2098 467 2162 fide
486 2099 642 2163 Maietatis
659 2099 789 2164 Vestrae
801 2099 968 2166 Caesareae
985 2101 1136 2180 defficere,
1161 2103 1220 2166 nisi
1244 2103 1360 2167 delirus
1374 2104 1425 2178 sit,
1451 2107 1506 2166 aut
1529 2121 1578 2166 me

208 2189 291 2251 certe
315 2185 465 2250 delirasse
488 2187 653 2252 existimet.
676 2188 717 2251 ldt
738 2187 811 2252 licet
834 2209 850 2251 e
874 2209 906 2254 re
930 2207 999 2252 mea
1022 2208 1082 2252 non
1104 2190 1271 2254 admodum
1295 2190 1468 2268 videbatur,
1494 2208 1579 2254 meas

208 2277 344 2340 secretas
376 2274 562 2338 intentiones
586 2275 617 2338 in
642 2275 786 2340 ordiendo
817 2276 874 2340 hoo
908 2277 1131 2359 stratagemate
1164 2278 1302 2360 pluribus
1337 2276 1577 2356 communicare,

208 2361 431 2427 communicavi
453 2364 559 2426 tamen
583 2363 631 2441 iis,
657 2363 767 2444 quibus
791 2364 932 2442 fidebam,
950 2367 982 2427 et
1003 2383 1132 2447 quorum
1155 2367 1321 2445 intererat3
1344 2369 1441 2430 testes
1461 2366 1578 2429 adduco

206 2449 366 2513 dominum
391 2449 466 2512 Vioe
488 2451 610 2514 Bauum
634 2451 787 2514 Barousm
820 2450 993 2528 Orechooai,
1027 2453 1180 2516 Batonem
1203 2452 1402 2518 Franciscum
1427 2451 1580 2517 Chikiuli-

204 2537 301 2617 nium,
327 2538 568 2618 protonotarium
585 2541 617 2602 et
633 2539 858 2603 vice-comitem
881 2537 1019 2603 Oroatiae
1042 2539 1205 2604 Nicolaum
1238 2540 1416 2617 Petachich,
1448 2541 1578 2604 Petrum

204 2625 378 2690 Prassnizlri
395 2643 573 2707 supremum
592 2627 850 2690 tricesmatorem
868 2625 947 2692 Suae
963 2627 1138 2692 Maiestatis
1165 2629 1197 2692 iu
1221 2626 1359 2710 ngaria
1383 2632 1415 2692 et
1444 2629 1578 2693 vice-co·

206 2712 326 2789 mitem,
351 2729 453 2776 coram
477 2715 587 2794 quibus
611 2731 660 2777 me
684 2713 886 2796 expectoravi,
911 2732 1060 2793 asserens,
1086 2735 1136 2779 me
1163 2734 1234 2779 cum
1273 2733 1422 2780 consensu
1446 2716 1577 2780 Vestrae

206 2799 384 2863 Maiestatis
401 2798 513 2864 habere
529 2801 831 2881 correspondentiam
848 2819 917 2864 cum
934 2801 1053 2876 Tuscis,
1070 2821 1131 2867 non
1155 2804 1191 2867 ad
1209 2803 1308 2867 ullum
1332 2804 1449 2867 malum
1466 2804 1575 2879 fiunem3

205 2888 390 2969 eosdemque
430 2889 616 2965 assecuravi,
652 2889 731 2970 quod
765 2889 941 2953 nullatenus
972 2889 1130 2954 intendam
1165 2909 1232 2954 esse
1266 2891 1403 2973 proditor
1438 2891 1576 2973 patriae,

206 2977 261 3038 aut
284 2972 423 3038 Caesaris
447 2975 589 3051 rebellis;
614 2975 703 3039 testis
739 2975 781 3039 sit
814 2977 901 3057 pater
935 2976 1079 3057 Forstall,
1115 2996 1206 3061 quem
1246 2997 1316 3043 cum
1356 2979 1513 3042 turbatum
1538 2979 1576 3042 ob

205 3062 284 3125 hanc
308 3065 538 3142 praesumptam
562 3063 762 3127 rebellionem
786 3063 942 3141 vidissem,
968 3065 1047 3129 seria
1070 3070 1101 3128 et
1125 3066 1243 3129 sincera
1269 3085 1408 3130 mearum
1434 3065 1576 3130 intentio-

205 3166 279 3211 num
303 3149 548 3228 expeetoratione
572 3169 641 3214 eum
666 3150 783 3214 solatus
814 3168 893 3214 sum.
920 3151 1103 3232 Spceialiter
1124 3156 1227 3218 autem
1249 3156 1381 3236 quadam
1401 3155 1475 3229 vice,
1501 3153 1576 3216 dum

205 3233 364 3315 Orphaeus
388 3235 580 3317 Frangepani
604 3238 737 3318 plurima
761 3238 987 3321 praejudiciosa
1011 3259 1026 3304 e
1050 3258 1104 3304 suo
1130 3240 1253 3305 cerebro
1280 3243 1467 3312 uiseruisset,
1487 3244 1576 3324 pater

204 3321 340 3387 Foratall
363 3339 534 3387 sermonem
559 3327 746 3406 reasumpsit
768 3328 801 3389 et
823 3325 949 3390 liberius
980 3329 1147 3408 respondit,
1172 3347 1226 3393 nos
1253 3330 1359 3408 procul
1384 3329 1483 3392 adhuc
1506 3347 1574 3392 esse

205 3410 244 3474 ab
269 3410 332 3472 illis
356 3409 531 3488 chimaeris,
555 3413 706 3494 quaesibi
731 3413 960 3495 imaginabatur
977 3411 1205 3497 frangepauus,
1227 3417 1292 3480 sive
1324 3435 1372 3480 res
1396 3418 1485 3492 serio,
1511 3417 1576 3479 sive

202 3498 270 3580 joco
294 3501 426 3580 agatur;
451 3499 476 3562 si
501 3499 662 3564 christiani
686 3519 802 3576 sumus,
836 3503 934 3566 satius
958 3520 1035 3577 esse,
1071 3507 1105 3565 ut
1139 3505 1176 3566 de
1200 3505 1421 3586 compositione
1457 3505 1577 3586 tempe-

205 3586 284 3649 stive
317 3588 446 3667 agatur,
480 3591 512 3650 et
542 3588 603 3651 alia
633 3588 721 3669 plura
753 3589 783 3650 in
815 3588 896 3652 hunc
927 3589 1019 3653 finem
1041 3588 1171 3654 addidit.
1202 3591 1380 3672 Replicavit
1414 3589 1575 3673 Orphaeus

206 3691 276 3737 cum
301 3671 428 3750 fervore,
454 3695 520 3738 rem
546 3694 602 3739 non
638 3675 804 3739 admodum
839 3674 999 3740 difficilem
1034 3695 1111 3755 esse,
1144 3682 1176 3741 et
1206 3678 1273 3761 jam
1310 3680 1574 3762 praetergressum

207 3779 274 3824 esse
298 3761 400 3823 omuis
424 3761 653 3844 compositionis
678 3763 822 3839 limitem,
845 3781 904 3826 nou
926 3781 992 3827 esse
1007 3763 1191 3829 credendum
1215 3766 1308 3830 verbo
1335 3769 1391 3830 aut
1414 3766 1576 3848 promissis

205 3848 316 3924 Aulae,
352 3849 407 3911 aut
437 3849 678 3924 Germanorum
712 3871 747 3914 er
781 3850 963 3915 necessitate
987 3869 1060 3932 ergo
1097 3853 1267 3918 faciendam
1305 3873 1371 3919 esse
1405 3854 1575 3930 virtutem3

206 3938 279 3998 tune
302 3934 430 3997 dimisso
455 3936 615 4019 colloquio,
640 3957 696 4020 ego
720 3939 846 4002 semotis
869 3937 995 4002 arbitris
1020 3939 1131 4004 iterum
1155 3944 1332 4006 assecuravi
1354 3943 1476 4024 patrem
1501 3942 1574 4006 For·

206 4021 279 4084 stall
301 4021 337 4085 de
363 4039 431 4085 mea
454 4025 572 4105 optima
596 4026 627 4088 el
651 4026 817 4089 christiana
840 4025 1011 4091 intentione
1040 4044 1152 4110 rogans
1180 4029 1294 4108 tamem
1318 4031 1355 4094 ut
1376 4048 1429 4110 pro
1452 4029 1500 4092 sui
1524 4047 1574 4092 se·

205 4109 337 4172 caritate
372 4111 492 4174 cautius
527 4118 558 4176 et
591 4112 697 4175 mitius
733 4113 919 4193 loqueretur,
953 4117 1133 4196 praesertim
1169 4134 1272 4180 coram
1307 4116 1356 4194 iis,
1381 4135 1458 4199 quos
1490 4118 1577 4181 novit

205 4197 287 4260 male
312 4214 378 4258 esso
402 4197 644 4272 intentionatos;
669 4201 700 4263 et
725 4199 764 4263 ob
787 4200 865 4264 hanc
888 4203 1051 4267 cautelanu
1075 4203 1195 4285 aliquot
1232 4204 1339 4268 diebus
1375 4205 1493 4268 dictum
1521 4223 1576 4286 pa-

206 4290 286 4347 trem
312 4283 448 4347 Forstall
473 4288 574 4350 rarius
594 4286 632 4349 ad
653 4306 702 4350 me
725 4288 846 4365 admisi,
883 4288 914 4351 et
947 4294 982 4353 ut
1005 4289 1055 4353 vix
1078 4309 1213 4372 unquam
1255 4291 1387 4373 amplius
1412 4296 1573 4374 praesente

206 4369 346 4451 Orphaeo
370 4375 423 4434 aut
446 4375 631 4438 marchione.
660 4374 772 4438 Fateor
796 4376 889 4441 verba
909 4395 979 4439 mea
1012 4379 1133 4458 prolata
1158 4379 1189 4442 in
1212 4373 1382 4442 thesseram
1415 4379 1573 4444 fidelitalis

205 4459 333 4524 Vestrae
358 4459 531 4524 Maiestatis
555 4479 658 4525 eoram
684 4465 768 4543 patre
793 4462 953 4544 Superiore
985 4464 1148 4529 Societatis
1179 4464 1256 4529 Jesu
1289 4465 1507 4530 Varasdinensi
1541 4477 1573 4531 et

204 4547 369 4611 reverendo
404 4547 526 4612 domiuo
559 4547 711 4613 Canonico
735 4549 916 4633 Hefilingar,
941 4569 1044 4615 coram
1070 4555 1179 4635 quibus
1203 4553 1319 4635 pluries
1354 4555 1482 4634 repetivi
1526 4573 1577 4619 me

202 4635 302 4716 magis
316 4634 424 4698 timere
436 4636 607 4700 amicitiam
618 4635 797 4712 Turcarum,
812 4657 904 4720 quam
918 4639 1114 4704 inimicitiam
1127 4640 1304 4716 eorundem,
1317 4643 1476 4723 praeterea
1490 4641 1572 4706 mul·

205 4724 252 4790 tes
269 4721 426 4787 evidentes
442 4725 575 4788 rationes
599 4741 654 4787 sau
669 4725 946 4806 comprobationas,
970 4728 1096 4809 scripta,
1128 4727 1222 4810 facta,
1253 4729 1372 4810 prolata
1401 4731 1578 4812 praeterea.
