3544 5288
1479 455 1545 522 395

196 647 246 693 me
269 626 383 706 delabi„
405 633 471 716 Ego
496 651 550 698 nec
573 651 715 699 veneram
734 634 772 698 ad
795 634 876 713 lites,
902 653 956 700 nec
974 653 1042 700 cum
1067 652 1135 699 meo
1158 633 1399 700 clementissimo
1423 633 1545 700 demine

191 716 331 800 litigare3
355 719 454 786 selum
475 722 514 786 ad
534 722 699 806 benignum
722 723 901 788 mandatum
925 741 997 789 suae
1019 723 1192 789 Maiestatis
1216 723 1246 788 et
1269 724 1452 806 promissam
1475 741 1547 806 gra-

193 805 280 869 tiam.
304 806 368 894 Sed
391 810 542 893 siquidem
566 830 620 876 sua
643 810 791 876 Maiestas
809 813 853 875 ita
875 810 972 888 iubet,
996 814 1032 876 nt
1055 812 1091 876 ad
1116 811 1219 876 emnia
1234 810 1296 874 ista
1313 815 1426 891 puncta
1441 829 1543 875 meam

192 893 393 962 letemiouem
414 901 591 984 expandam.
616 899 726 964 faciam
749 900 827 981 quod
852 900 928 963 mihi
949 899 1095 982 possibile
1115 900 1183 963 erit.
1207 898 1266 964 Sed
1290 898 1545 964 excellentissime

194 980 333 1048 demine!
357 1003 413 1054 nec
436 991 498 1055 scie
521 990 622 1071 legere
645 986 820 1071 germaulca
842 988 967 1070 scripta,
993 1006 1047 1053 nec
1063 1005 1119 1070 ege
1134 1005 1270 1070 unquam
1289 987 1469 1052 advocatum
1487 985 1548 1070 egi,

194 1087 250 1134 uec
283 1071 343 1136 fuit
383 1096 471 1143 meae
505 1076 700 1160 professionis
735 1076 813 1140 scire
846 1076 985 1140 inridiea.
1016 1075 1185 1158 Eapropter
1218 1075 1355 1157 supplice
1389 1075 1548 1140 Maiestati

194 1175 265 1222 suae
297 1179 351 1240 per
384 1165 595 1230 excellentiam
626 1166 771 1240 vestram,
806 1165 841 1228 ut
871 1183 920 1228 me
952 1164 990 1230 ab
1021 1164 1081 1227 isto
1114 1181 1203 1228 onere
1235 1163 1365 1227 liberare
1396 1164 1546 1246 dignetur,

195 1246 242 1309 vel
265 1247 416 1320 Viennam
442 1273 490 1318 me
513 1252 620 1318 devehi
643 1250 744 1328 faciat,
766 1251 820 1316 ubi
844 1252 979 1317 iuvenire
1002 1249 1113 1333 possim
1136 1251 1217 1315 vires
1240 1251 1272 1316 in
1292 1251 1427 1315 iuridicis
1451 1254 1482 1314 at
1505 1251 1547 1314 si-

195 1333 320 1399 milibus
343 1342 468 1425 peritos.
493 1341 684 1406 Recemendo
708 1359 756 1404 me
778 1339 809 1404 et
839 1358 949 1404 maneo
979 1340 1210 1405 illustrissimae
1241 1340 1272 1403 et
1301 1339 1547 1420 gratiosissimae

193 1420 409 1495 dominationis
433 1433 551 1494 vestrae
575 1429 704 1493 servitor
733 1428 962 1493 addictissimus
993 1427 1104 1492 Petrus
1127 1445 1146 1491 a
1168 1427 1280 1491 Zrinie.
1303 1426 1347 1490 Er
1371 1444 1490 1491 carcere
1511 1426 1548 1488 12

195 1519 368 1584 novembris
397 1517 488 1583 1670.

295 1609 346 1669 Nc
367 1611 473 1668 breta:
497 1607 607 1670 Petrus
632 1624 650 1670 a
672 1603 773 1669 Zrinie
798 1605 836 1670 ad
862 1605 891 1669 d.
916 1602 1162 1670 cancellarium:
1186 1602 1323 1685 queritur
1342 1599 1453 1666 'centra
1478 1618 1549 1684 pro·

193 1707 313 1758 cessum
336 1695 511 1770 iuridicum
535 1695 567 1758 et
587 1694 667 1775 petit
690 1693 728 1757 ab
758 1693 815 1758 hec
838 1712 928 1758 onere
959 1691 1082 1759 liberari
1114 1689 1162 1756 vel
1188 1690 1339 1756 Viennam
1373 1689 1481 1754 devehi
1509 1689 1547 1754 ad
1575 1739 1582 1758 ,

195 1783 359 1862 quarendos
382 1783 543 1848 advocates
567 1800 620 1846 seu
640 1779 717 1845 iuris
740 1781 863 1864 peritos.
887 1781 1047 1847 Neostadii
1073 1781 1113 1848 12
1135 1779 1309 1845 novembris
1335 1779 1428 1846 1670.

306 1873 334 1934 U
355 1875 469 1936 tactem
492 1873 651 1933 drincnom
673 1873 796 1966 urbica..

832 2046 913 2130 etl.

197 2167 289 2244 1670,
315 2177 356 2233 14
378 2176 391 2232 e·
415 2178 456 2234 15
474 2171 551 2236 atad.
578 2174 675 2234 Bctlro
698 2173 780 2234 Neon
801 2175 911 2248 anesio.
949 2173 1051 2236 Pa'smo
1072 2175 1163 2234 Petro
1185 2173 1351 2250 Zrinslrepa
1373 2191 1415 2234 nc
1444 2169 1549 2232 lccnccss

532 2264 600 2323 loro
621 2261 831 2336 aprtlotenem
854 2263 1047 2336 spomcnicem
1069 2281 1111 2322 nn
1132 2281 1212 2323 carc.

298 2399 322 2464 1.
347 2399 573 2476 Illustrissime‚
591 2401 847 2465 excellentissime
863 2399 995 2476 domine,
1012 2402 1133 2466 domiue
1151 2403 1286 2466 Patrone
1301 2399 1549 2466 collandissime!

194 2484 396 2552 Servitiorum
421 2506 560 2553 meorum
580 2488 822 2554 addictissimam
846 2489 1119 2555 aemendationem.
1145 2490 1238 2554 Mitte
1261 2490 1382 2554 domiuo
1405 2507 1472 2553 meo
1488 2487 1551 2552 cle·

194 2577 385 2641 mestissime
418 2577 567 2641 humilem
599 2575 768 2658 supplicem
800 2577 952 2654 libellum,
985 2596 1045 2642 una
1074 2597 1144 2642 cum
1181 2577 1281 2642 literis
1312 2579 1455 2652 annexis3
1487 2577 1549 2640 scie

194 2663 334 2747 equidem
358 2684 407 2729 me
431 2684 497 2728 esse
520 2663 696 2740 molestum,
722 2664 775 2728 sed
797 2667 885 2729 muto
915 2683 1008 2747 puero
1039 2683 1093 2730 nee
1122 2667 1223 2730 mater
1254 2664 1403 2748 intelligit
1431 2681 1546 2747 preces,

195 2751 262 2816 ideo
287 2771 342 2818 sua
364 2752 511 2818 Maiestas
536 2751 683 2818 Caesarea
707 2756 754 2816 est
777 2753 809 2816 et
831 2757 918 2835 pater
940 2773 1026 2817 meus
1057 2754 1089 2817 et
1121 2752 1264 2816 domiuus
1295 2756 1327 2816 et
1357 2753 1475 2828 emulsa
1511 2750 1550 2814 ad

194 2857 283 2922 quem
308 2839 404 2906 alium
428 2859 583 2906 recurram
609 2840 667 2904 uisi
691 2841 846 2905 adeum?
869 2842 1040 2924 Eapropter
1069 2859 1142 2924 rogo
1165 2840 1386 2905 Excellentiam
1404 2841 1549 2912 vestram,

191 2932 226 2992 ut
249 2931 453 3010 praesentare,
478 2931 509 2992 at
533 2947 582 2993 me
612 2928 860 2994 recommendare
891 2948 928 2994 ue
952 2931 1105 3012 gravetur.

297 3017 343 3081 De
366 3020 495 3094 caetere,
516 3035 572 3100 ego
604 3018 757 3099 composui
781 3017 928 3099 replicem
958 3036 1050 3098 supra
1080 3034 1265 3100 processum,
1298 3017 1334 3080 ut
1363 3015 1456 3090 scivi;
1488 3015 1549 3078 iam

192 3121 252 3167 neu
275 3105 347 3180 scie,
372 3123 410 3168 an
433 3104 625 3170 eontentabit
648 3106 781 3170 vestram
805 3105 1026 3182 excellentiam,
1056 3123 1115 3170 uon
1145 3105 1225 3169 enim
1258 3106 1307 3169 est
1336 3101 1464 3167 iuridice
1497 3102 1551 3166 sed
1586 3107 1588 3112 '

192 3191 224 3254 in
249 3193 382 3275 simplici
413 3195 445 3258 et
479 3193 560 3257 nuda
591 3192 739 3268 veritate;
772 3193 896 3258 iubatae
927 3193 1003 3257 milri
1036 3193 1170 3271 mittere,
1201 3193 1233 3256 in
1264 3193 1320 3256 boe
1353 3191 1551 3255 excellentiae

138 3326 140 3330 -
194 3280 314 3344 vestrae
336 3281 419 3345 iussa
443 3280 664 3363 praestolabor.

298 3368 421 3450 Suplico
445 3369 501 3434 hoc
524 3368 633 3445 solum,
657 3387 695 3432 ne
712 3387 765 3450 per
787 3369 980 3445 caussidicos,
1005 3388 1059 3452 per
1075 3368 1241 3434 tribunalia
1256 3368 1391 3432 lacerare
1414 3369 1446 3430 et
1469 3365 1519 3430 inf
1537 3401 1553 3414 ·
1593 3445 1594 3450 ἵ
1672 3419 1673 3427 ,

193 3455 272 3519 mari
296 3475 398 3521 meum
421 3475 531 3523 nomen
554 3457 744 3539 permittant.
776 3457 885 3521 Mauso
918 3456 1158 3532 illustrissimae,
1190 3455 1465 3522 excellentissimae
1500 3455 1553 3518 de-

194 3542 370 3609 minationis
393 3547 514 3610 vastrae
538 3546 667 3609 servitor
687 3543 898 3610 edictissimus
922 3547 954 3610 et
976 3545 1117 3629 captivus
1142 3546 1177 3609 P.
1201 3563 1218 3609 a
1242 3545 1314 3610 Zrin
1335 3563 1376 3608 m.
1400 3562 1429 3624 p.

296 3631 343 3696 lix
362 3651 482 3698 carcere
509 3633 557 3698 14.
580 3631 764 3697 Novembris
791 3629 883 3696 1670.

298 3719 336 3783 ΙΙ,
362 3719 593 3804 Angustissime
617 3723 648 3786 et
672 3719 876 3785 invictissime
899 3721 1083 3801 imperator!
1104 3721 1221 3786 Herree
1254 3720 1398 3796 seribere,
1429 3718 1552 3784 demine

195 3805 446 3888 clementissime,
460 3826 616 3893 nunquam
634 3809 715 3872 enim
732 3808 902 3872 verbositas
918 3812 949 3873 et
963 3809 1137 3873 iactitautia
1153 3809 1213 3873 luit
1227 3807 1327 3874 amica
1348 3807 1440 3872 labiis
1459 3807 1552 3874 meis:

194 3914 299 3960 vereor
321 3915 448 3979 queque,
472 3916 531 3963 nen
556 3897 655 3961 selum
680 3895 878 3978 impertinens
911 3896 964 3960 sed
996 3901 1027 3960 et
1050 3915 1196 3981 arrogans
1223 3915 1258 3960 ae
1274 3897 1440 3979 superbum
1459 3895 1554 3960 videri

191 3981 250 4048 hoc
272 4002 375 4048 meum
399 3985 566 4068 scriptum3
591 3984 790 4050 nihilominus
819 3986 925 4048 tamen
949 3984 1073 4050 miseria
1103 3986 1135 4049 et
1156 3984 1319 4050 calamitas
1351 3983 1481 4068 adigunt
1504 4002 1553 4048 me

191 4071 365 4148 vociferare,
387 4074 521 4138 clamare
552 4074 584 4136 et
608 4092 680 4137 vera
709 4072 857 4154 preferre:
892 4073 978 4136 vinee
1009 4074 1118 4139 itidem
1148 4073 1187 4137 ab
1210 4072 1352 4138 omuibus
1385 4091 1435 4136 me
1465 4071 1554 4136 dere·

193 4158 313 4238 lictum,
338 4179 393 4226 uec
417 4160 469 4238 sit,
500 4161 551 4244 qui
582 4160 764 4224 misereatur
789 4159 859 4224 mei.
893 4159 981 4225 Sicut
1012 4161 1139 4226 Alienae
1168 4163 1316 4246 quaestus
1344 4161 1426 4226 inter
1456 4159 1553 4224 maris

192 4247 359 4313 saevientis
381 4247 491 4314 fluetus
515 4248 641 4313 auditur
665 4247 758 4312 nihil:
782 4247 835 4313 sic
859 4249 944 4312 video
967 4266 1051 4312 meas
1075 4248 1251 4325 lachrimas,
1288 4248 1430 4332 suspiria,
1460 4267 1553 4330 quae·
1630 4259 1633 4272 '

192 4334 285 4413 selas,
309 4337 340 4400 iu
356 4339 463 4401 tenues
487 4355 666 4401 evanescere
691 4336 823 4400 umbras.
848 4335 995 4400 Attamen
1011 4336 1150 4419 supplico
1172 4335 1330 4403 Maiestati
1360 4339 1493 4413 vestrae,
1516 4339 1552 4401 ut

192 4425 323 4506 patienti
347 4426 379 4489 et
401 4443 419 4490 a
441 4425 497 4490 dee
513 4425 626 4506 'dotato
649 4443 704 4489 sue
726 4423 829 4487 anime
853 4425 964 4504 legere,
990 4443 1045 4489 uec
1067 4423 1163 4490 inflati
1188 4442 1224 4490 ac
1246 4425 1357 4489 tumidi
1377 4425 1472 4489 animi
1491 4425 1551 4492 mei

192 4513 276 4577 moto
300 4512 353 4578 aad
376 4513 478 4578 nudae
502 4514 533 4577 et
556 4529 646 4577 verae
663 4511 795 4590 veritati,
820 4530 856 4575 ea
877 4530 954 4594 quae
977 4513 1105 4594 profero,
1130 4512 1304 4578 adscribere
1326 4513 1403 4578 velit
1426 4531 1460 4579 ae
1484 4513 1554 4597 dig·

194 4599 293 4665 uetur.

303 4685 412 4753 Ordiar
434 4687 539 4772 itaque
562 4687 699 4752 animose
719 4687 863 4752 dicendo:
887 4687 1052 4752 Peccatum
1071 4707 1172 4754 meum
1191 4687 1230 4771 (si
1254 4687 1392 4771 utiquam
1416 4689 1552 4772 appelari

193 4773 280 4858 licet)
305 4779 425 4840 vestrae
449 4776 605 4841 maiestati
630 4793 784 4841 summam
807 4774 996 4851 felicitatem,
1020 4777 1187 4842 maximam
1210 4776 1353 4861 gloriam,
1387 4795 1550 4860 regnorum

189 4862 450 4946 tranquillitatem
481 4867 514 4930 et
545 4865 772 4930 firmamentum
802 4882 960 4928 summum
991 4865 1154 4948 peperisse.
1195 4865 1301 4932 Jaetet
1330 4883 1363 4929 se
1393 4865 1545 4952 quispiam
