3550 5272
198 371 262 438 246

192 547 307 616 1616661
328 548 491 623 retractus,
517 547 666 627 potiorem
690 548 809 632 partem
824 547 912 631 regui
934 546 1098 614 habuisset
1122 563 1297 631 sequacem.
1321 545 1364 612 Hi
1379 564 1487 612 omnes
1511 563 1565 610 su-

190 636 313 720 prafati,
337 635 577 703 clementissime
600 637 778 718 imperator,
796 639 869 700 suot
884 635 1017 701 effectivi
1041 635 1186 701 aditiales
1202 636 1288 719 regni
1304 638 1336 699 at
1352 635 1488 709 tancies,
1504 633 1564 697 sub

193 725 262 807 ejus
290 724 473 790 commando
497 724 673 800 existentes,
698 723 760 806 qui,
786 726 820 788 ut
843 742 949 788 rerum
983 723 1097 800 dicam,
1131 723 1251 788 seducti
1273 722 1375 804 potius
1407 721 1565 787 simulatis

192 811 309 878 domiui
335 811 408 878 beni
427 811 698 889 declarationibus,
722 829 815 894 quem
838 811 1003 876 voluntarii
1027 813 1296 887 accensenserunt,
1318 810 1564 894 quamprimum

192 901 297 966 autem
330 899 361 964 in
397 899 539 964 realitate
573 897 769 964 diversurus
802 898 902 962 uerbis
941 904 972 962 et
996 899 1084 980 plane
1106 897 1338 964 inchristianem
1362 897 1566 981 cognoverint

192 984 309 1052 domini
340 987 412 1052 bani
439 986 654 1064 intentionem,
685 985 864 1051 immediate
895 985 1059 1050 retractari
1087 988 1264 1068 coeperunt,
1297 987 1329 1049 et
1352 1003 1386 1049 se
1408 985 1506 1048 denuc
1532 983 1564 1046 in

192 1074 366 1140 maiestatis
391 1075 520 1140 Vestrae
542 1073 768 1138 sacratissimae
793 1073 977 1138 fidelitatem
1000 1091 1035 1137 ao
1059 1072 1252 1138 devotionem
1275 1073 1479 1150 insinuarunt,
1505 1088 1563 1135 nec

192 1162 225 1226 in
254 1163 412 1245 posterum
439 1163 476 1226 de
496 1161 652 1226 constanti
686 1178 722 1224 66
756 1161 959 1225 16661661616
989 1179 1095 1226 eorum
1129 1163 1352 1242 permensione,
1376 1160 1424 1223 uel
1448 1159 1478 1222 in
1502 1158 1562 1222 mi·

192 1246 276 1326 nimo
303 1250 351 1314 cst
372 1248 588 1328 dubitandum,
612 1248 737 1330 dempto
760 1247 994 1332 Bulrovaczkyo,
1019 1251 1069 1330 qui
1087 1267 1149 1314 nna
1173 1267 1243 1312 cum
1260 1267 1352 1312 uxore
1371 1247 1402 1310 in
1418 1245 1563 1311 Turciem

193 1336 232 1402 ob
266 1336 418 1420 generalis
449 1336 720 1401 carolostadieusis
750 1337 993 1417 persecutionem
1032 1335 1194 1416 desperate
1232 1335 1376 1418 profugit,
1409 1337 1441 1397 et
1471 1332 1563 1398 modo

192 1423 276 1489 iuxta
300 1423 437 1507 proprias
460 1424 593 1502 litteras,
618 1441 694 1505 quas
718 1422 859 1488 dominus
883 1424 979 1488 banus
1010 1423 1112 1500 habet,
1137 1423 1307 1487 Turcarum
1332 1422 1561 1504 imperatorem,

192 1512 228 1575 ut
251 1513 283 1575 61
298 1529 475 1594 supremum
500 1511 647 1575 roniriurn
660 1510 805 1575 reiterato
819 1511 903 1575 adire
926 1511 1042 1575 debuit.
1064 1511 1100 1575 In
1124 1510 1242 1593 reliquo
1264 1510 1302 1574 de
1326 1509 1466 1573 ulteriori
1490 1526 1561 1572 uon·

189 1599 364 1681 spiratione,
389 1600 444 1663 aut
474 1597 646 1681 ubicunque
669 1597 871 1663 existentibus
894 1597 1107 1680 complicibus,
1122 1599 1314 1663 sacrosancte
1337 1599 1414 1675 iuro,
1440 1597 1559 1660 nullam

191 1704 316 1768 prorsus
339 1686 436 1752 habeo
460 1685 615 1750 notitiam.

298 1775 337 1838 Iz
362 1792 482 1840 rana:
505 1771 624 1852 Quarta
647 1772 796 1839 conlusio
819 1771 942 1840 comitis
965 1772 1160 1856 Frangepan.
1191 1777 1198 1789 '

239 1864 317 1926 1161.

623 2097 716 2166 1670,
740 2097 759 2152 4
782 2095 908 2167 6611616.
932 2093 1130 2170 Locemturp.

294 2211 430 2296 Lccpold
462 2212 601 2296 odpisujc
636 2214 700 2278 bar.
738 2213 855 2280 Goessn
892 2233 930 2278 ua
967 2213 1093 2297 uJegoro
1116 2214 1217 2298 pismo
1252 2215 1353 2278 6121
1380 2211 1502 2296 travnja
1532 2212 1560 2276 in

189 2301 317 2368 Bcrlina
337 2301 428 2386 glcde
450 2301 571 2384 pomoc‘i
601 2300 640 2366 od
671 2301 776 2367 strena
807 2303 1105 2385 brandenburtkoga
1138 2303 1235 2366 lrneaa
1262 2303 1344 2384 proti
1367 2301 1555 2378 nrotnilrom,

191 2410 212 2456 u
238 2390 348 2455 smislu
371 2389 450 2454 lrano
475 2409 495 2454 n
519 2388 620 2472 pismu
644 2388 726 2453 612
750 2389 880 2472 sviane.

296 2476 325 2542 U
348 2478 442 2542 istum
464 2475 574 2541 smislu
597 2477 664 2558 pide
687 2493 740 2540 car
761 2477 939 2543 inborucmu
963 2477 1059 2542 lrnczu
1084 2475 1315 2556 salsonelomu,
1352 2476 1402 2559 lroj
1431 2495 1482 2542 mu
1506 2475 1558 2540 bio

192 2563 303 2650 pomot
322 2563 434 2630 obstac
453 2565 524 2628 lrroz
547 2581 641 2646 sroga
664 2563 826 2646 poslauilra
849 2564 1006 2628 Hermana
1031 2583 1087 2629 rou
1114 2563 1395 2630 Wollrambsdorff.

296 2651 322 2717 U
347 2653 441 2717 istom
462 2652 571 2717 smislu
596 2652 750 2735 odgovera
782 2671 832 2717 cer
865 2653 1069 2736 mogudlrornu
1102 2652 1280 2718 iabornomn
1303 2654 1401 2717 lruozu
1424 2670 1463 2716 66
1486 2649 1553 2734 uje-

188 2757 265 2823 goro
289 2739 388 2821 pisino
412 2739 450 2805 od
474 2741 518 2803 30
540 2739 661 2823 oiujlra.

292 2826 320 2892 U
338 2828 436 2892 istum
458 2827 571 2892 'eruislu
598 2827 663 2909 pite
680 2825 815 2891 Plumbn
834 2825 1053 2911 odgorarajuc'i
1076 2846 1115 2892 na
1138 2827 1269 2912 njegora
1292 2828 1392 2910 pisma
1410 2826 1448 2892 cd
1466 2827 1495 2906 3,
1516 2829 1554 2890 ll

186 2913 264 2978 115
287 2910 407 2998 trarripe
432 2915 462 2979 te
486 2913 708 2997 preporudujuci
736 2933 798 2991 mu,
833 2916 872 2979 16
900 2933 932 2980 66
966 2935 986 2980 6
1018 2917 1147 2999 njegovo
1180 2917 1242 2982 ime
1266 2915 1386 2980 16166611
1409 2915 1558 2980 saslromu

186 3001 293 3080 lruczn,
318 3002 368 3084 lroj
395 3002 486 3085 iaJau'
510 3003 598 3084 sroju
622 3020 657 3067 za
679 3000 790 3085 pomeri
814 3003 1024 3086 pripravuost.

231 3091 314 3152 166.

832 3194 921 3280 3113.

190 3321 284 3390 1670,
308 3321 328 3378 4
350 3321 479 3393 wippo.
501 3320 572 3382 Bao.
596 3321 747 3395 Popinslce'
760 3322 902 3395 pusionis
917 3323 975 3382 laod
991 3323 1114 3398 bedlcopu
1131 3323 1223 3382 doura
1239 3322 1407 3396 uodbiaicup
1423 3321 1557 3382 1616616

185 3407 344 3482 1661611616
365 3409 471 3467 ramelei
493 3408 565 3467 door
580 3427 596 3468 o
611 3410 726 3468 etocrilr
743 3427 763 3468 u
783 3410 902 3484 porujoj
931 3409 1086 3489 Uparslccj,
1111 3428 1128 3469 o
1150 3415 1274 3471 caluom
1293 3411 1448 3485 iimurujilr
1464 3410 1557 3470 Petra

432 3494 599 3570 Zriuelcopa
621 3499 634 3554 e·
657 3497 709 3556 lu.
735 3497 941 3572 Flautopauu
963 3500 975 3556 6·
997 3515 1014 3558 6
1033 3499 1168 3572 ceujsloa't
1191 3499 1322 3559 66166611.

291 3617 317 3682 Ε
349 3615 524 3682 6661661661
556 3635 666 3682 ancora
696 3617 725 3681 lc
749 3618 876 3702 regioni,
908 3639 962 3702 per
992 3618 1021 3682 le
1051 3618 1133 3701 quali
1162 3617 1326 3696 l’Abbadi,
1351 3617 1489 3700 principe
1519 3617 1554 3682 11

186 3703 409 3782 Transilrania,
427 3723 485 3771 non
508 3722 599 3787 posse
621 3723 657 3768 66
682 3705 786 3789 roglia
808 3706 954 3770 assistere
979 3706 1009 3770 al
1032 3705 1165 3789 Ragozai
1182 3703 1281 3790 (66666
1297 3725 1354 3788 pur
1369 3706 1397 3770 si
1412 3705 1552 3790 motivo),

187 3810 240 3872 per
264 3792 357 3857 hever
380 3792 518 3858 ricevuto
549 3793 659 3857 lettere
687 3792 727 3857 16
761 3793 826 3858 6661
862 3794 1001 3876 deputati
1033 3793 1095 3858 alla
1128 3793 1235 3872 Porta,
1267 3794 1323 3859 che
1356 3793 1461 3878 quella
1491 3811 1552 3858 non

185 3877 293 3944 inclini
316 3897 334 3943 6
367 3880 542 3945 mischiarsi
566 3882 596 3945 iu
620 3881 665 3945 tal
689 3879 838 3946 tacenda:
861 3880 909 3945 oid
933 3899 1072 3947 66666666
1095 3880 1245 3946 66666661
1269 3881 1403 3946 ministri
1427 3881 1458 3945 la
1483 3900 1553 3962 spe·

185 3981 279 4029 ranna
300 3965 357 4030 che
377 3966 557 4050 all’apparir
578 3966 659 4033 delle
689 3967 811 4033 sudette
840 3970 952 4051 truppc
983 3969 1147 4033 alemanno
1179 3969 1225 4034 sia
1248 3968 1272 4032 il
1297 3967 1465 4034 medesimo
1488 3967 1553 4034 Ra-

185 4052 271 4134 goaai
294 4070 310 4115 6
332 4053 378 4138 gli
401 4053 550 4138 Ungheri‚
576 4055 641 4119 suoi
664 4054 799 4139 soguaci,
824 4074 879 4138 per
901 4055 1034 4120 ritornar
1057 4053 1272 4122 all'ubidienaa
1295 4055 1326 4121 di
1350 4075 1406 4120 666
1422 4056 1551 4130 maesta,

186 4138 1549 4314 111111111166116111611111111111111

187 4312 289 4379 buoue
311 4315 448 4396 guardia.

291 4400 428 4468 Rcstano
452 4403 500 4468 fra
524 4404 632 4486 questo
675 4405 796 4470 mentre
827 4405 911 4490 degli
934 4405 1087 4471 alemanni
1116 4405 1277 4489 procidisti
1301 4405 1386 4472 dalle
1407 4407 1494 4490 parte
1517 4405 1551 4470 11

186 4485 314 4552 (1666616
347 4490 423 4554 16111
449 4490 459 4555 1
483 4490 589 4574 luoghi
613 4491 661 4557 dei
692 4492 810 4558 sudetti
842 4495 931 4558 conte
954 4493 991 4557 16
1025 4492 1096 4558 Zrin
1125 4512 1141 4558 e
1166 4494 1325 4559 marchese
1348 4493 1547 4578 Frangipeni,

184 4576 216 4638 ct
236 4575 267 4639 in
291 4577 472 4658 particulare
497 4579 625 4654 Bucera,
650 4579 732 4645 Nori
764 4599 781 4644 c
810 4579 948 4659 Portus,
974 4581 1055 4662 posti
1077 4581 1138 4646 elle
1161 4581 1225 4645 rire
1246 4580 1490 4655 dell'adriatic03
1515 4581 1548 4644 et

185 4661 218 4726 al
239 4662 364 4745 giudice
384 4664 467 4730 della
490 4667 568 4731 61111
590 4667 620 4731 11
645 4665 741 4732 Grata
771 4667 797 4732 si
831 4669 847 4731 1
877 4667 956 4732 16116
988 4685 1157 4752 conseguar
1189 4669 1213 4733 il
1242 4673 1332 4733 conte
1355 4668 1387 4732 11
1405 4666 1571 4734 Τ611661-’

184 4747 273 4831 bach,
297 4753 438 4818 accitche
460 4754 591 4836 proceda
615 4759 722 4820 contro
744 4753 776 4819 di
798 4755 843 4819 lui
866 4772 924 4820 con
944 4756 1021 4819 tutti
1043 4754 1054 4818 1
1074 4756 1168 4840 rigori
1184 4756 1267 4820 16116
1282 4756 1437 4840 giustinie.
