3544 5288
235 438 300 506 404

232 614 384 693 diderunt,
408 614 605 696 procurarunt
626 611 697 688 3113,
721 630 778 695 333
801 632 834 677 33
858 613 1049 696 3133313333
1073 613 1270 695 3333333313
1295 613 1348 678 331
1372 631 1426 677 333
1442 611 1581 677 exhausti

154 769 156 774 ,
232 702 433 780 13333313313,
458 721 512 767 333
535 701 687 765 nobismet
709 700 786 783 ipsis
810 719 864 766 333
886 701 1112 766 suecessoribus
1136 701 1292 782 providere
1330 719 1513 782 possumus3
1542 701 1587 764 ita

233 789 1242 872 313333113333313311333113133333111331313333333,333331
1278 789 1434 871 possibile,
1470 793 1503 853 31
1535 788 1589 852 bo-

233 877 832 944 3333333133333131333311331333
857 876 1007 942 3113333
1042 877 1134 952 venit,
1170 897 1223 941 nos
1258 878 1379 955 3331111,
1419 879 1445 942 31
1480 877 1588 942 itidem

233 967 391 1045 auxilium,
416 963 506 1048 paulo
529 965 630 1030 minus
653 965 805 1038 deuastat,
829 965 972 1029 ultimum
998 965 1077 1047 qnod
1101 983 1223 1046 sperare
1257 984 1420 1048 possumus
1455 969 1503 1029 est
1535 965 1589 1030 de-

235 1056 375 1133 structio,
399 1058 481 1119 certe
503 1071 561 1118 333
585 1053 736 1136 promerui
762 1052 800 1116 ad
824 1053 888 1117 1333
913 1055 976 1117 ima
998 1054 1098 1118 cordis
1122 1053 1238 1118 viscera
1272 1055 1370 1118 acutis
1403 1053 1589 1118 calamorum

236 1143 416 1226 cuspidibus
439 1141 471 1206 13
495 1141 576 1205 hune
599 1143 722 1206 modum
744 1139 836 1205 feriri.

339 1231 526 1296 Electori
558 1228 802 1312 Mogontino
831 1227 1004 1309 scripsi,
1037 1228 1186 1312 siquidem
1220 1230 1290 1306 vidi,
1322 1249 1377 1294 nec
1407 1231 1589 1314 apparatum

233 1318 406 1397 Turoicum,
430 1337 484 1382 nec
509 1335 592 1381 meas
615 1316 776 1381 relationes
801 1317 831 1380 13
855 1315 937 1381 Aula
958 1317 1059 1392 credi3
1084 1318 1174 1381 timui
1194 1317 1223 1380 in
1249 1317 1437 1382 inchoatione
1472 1320 1591 1399 praete-

236 1408 289 1471 riti
322 1408 398 1472 belli
431 1407 560 1470 eundem
595 1423 770 1470 successum
794 1414 917 1486 propter
942 1405 1197 1470 incredulitatem.
1229 1404 1308 1469 Sciri
1332 1409 1494 1488 praeterea
1524 1423 1590 1468 esse

234 1514 337 1559 meum
361 1493 548 1578 singularem
571 1495 745 1575 patronun1;
770 1494 977 1574 pereundam
1001 1494 1049 1556 vel
1072 1494 1103 1556 in
1134 1511 1207 1558 3333
1231 1493 1407 1558 Maiestatis
1443 1493 1591 1569 seruitiis,

223 1584 284 1648 -uel
305 1584 338 1647 in
360 1581 572 1664 imperialibus
593 1581 694 1664 aliqua
714 1581 933 1645 commoditate
957 1601 1004 1645 me
1028 1582 1273 1664 recommendare
1312 1582 1415 1660 volui,
1450 1585 1485 1646 ut
1520 1597 1592 1645 sue·

235 1688 323 1736 33333
346 1671 493 1752 temporis
516 1669 646 1752 posteris
672 1669 747 1733 meis
773 1670 852 1732 31333
875 1671 1062 1751 aperuissem
1087 1675 1123 1734 31
1150 1669 1334 1734 firmandam
1362 1673 1504 1734 13313333
1526 1669 1593 1733 ste-

238 1759 402 1824 bilitatem.
440 1757 505 1822 Nec
527 1757 605 1821 mihi
634 1757 696 1822 alia
728 1757 857 1821 intentio
887 1756 961 1834 fuit,
998 1762 1032 1820 nt
1064 1777 1141 1821 nunc
1174 1758 1334 1822 caussidici
1371 1758 1403 1822 in
1437 1756 1592 1822 contraria

237 1847 385 1930 glossam,
410 1849 442 1911 31
464 1845 579 1929 ingenii
602 1845 724 1909 dodum
745 1862 777 1908 se
801 1844 1020 1908 existimabiles
1042 1844 1109 1908 fieri
1132 1845 1262 1910 vellunt.
1280 1847 1373 1928 Equis
1387 1865 1458 1910 sane
1476 1845 1590 1909 mentis

236 1935 350 2013 credet,
386 1953 440 2017 per
474 1952 630 1998 summum
668 1932 884 1997 cancellarium
919 1933 1049 2016 imperii,
1083 1933 1245 2030 elqotorem
1277 1934 1466 2015 religiosum,
1502 1931 1591 1997 ennis

235 2022 298 2087 iam
319 2023 488 2106 gravatum,
513 2021 562 2085 331
584 2021 806 2102 Imperatorem
829 2037 1018 2096 conseruare,
1042 2020 1200 2104 Principes
1217 2020 1406 2086 Christianos
1431 2023 1462 2086 et
1489 2022 1592 2103 Impe-

235 2111 315 2174 rium
339 2111 475 2194 quietare
499 2127 639 2174 summae
662 2109 774 2172 mentis
796 2111 860 2172 est:
895 2127 948 2191 per
971 2109 1052 2174 hunc
1072 2108 1197 2193 inquam
1221 2109 1340 2174 frivolis
1364 2113 1395 2174 et
1418 2109 1589 2193 puerilibus

236 2199 418 2281 3133133113
452 2196 743 2262 considerationibus
777 2197 967 2274 rebelliones,
1005 2197 1282 2263 confoederationes
1310 2216 1379 2261 oum
1414 2197 1502 2263 Gallo
1533 2198 1591 2260 331

236 2287 368 2351 13331333
402 2286 568 2367 inciperem
603 2290 657 2349 331
688 2284 922 2349 continuarem?
961 2287 993 2348 31
1028 2286 1053 2349 31
1085 2286 1194 2350 Turcis
1223 2285 1385 2350 adhaerere
1416 2285 1592 2363 voluissem,

236 2392 314 2439 anuo
337 2375 518 2439 recurissem
541 2372 580 2436 31
604 2372 761 2455 Principes
785 2370 1000 2438 Christianos?

341 2461 562 2526 Residenti
592 2459 757 2525 Gallico
788 2461 932 2525 Venetiae
965 2460 1085 2542 scripsi,
1116 2463 1168 2526 sed
1199 2461 1456 2545 simplicissimas,
1487 2461 1590 2525 solum

237 2549 409 2616 subsidium
434 2549 632 2631 pecuniarum
654 2552 760 2613 contre
782 2549 895 2612 Turres
918 2548 993 2632 petii
1016 2549 1129 2631 absque
1152 2550 1216 2613 3113
1240 2550 1428 2626 3331111333;
1453 2568 1530 2613 3333
1557 2547 1590 2611 13

238 2659 288 2704 me
308 2637 451 2703 consistit
472 2636 709 2720 ponderosarum
733 2638 940 2702 conditionum
962 2636 1162 2718 adimpletio?
1187 2636 1246 2702 Sed
1269 2638 1343 2720 quid
1367 2639 1491 2713 mirum,
1514 2638 1539 2700 si
1557 2641 1591 2700 et

237 2726 364 2791 Plutoni
394 2725 501 2790 131311
535 2723 681 2808 temporis
716 2725 934 2789 constitutione
969 2724 1180 2807 scripsissem:
1215 2727 1253 2790 ab
1287 2745 1347 2790 333
1376 2728 1463 2809 33313
1498 2725 1592 2788 311333

236 2815 369 2880 13331333
391 2812 555 2892 amicitiae,
579 2815 618 2878 ab
641 2813 739 2876 311333
762 2813 855 2876 timor
878 2811 1034 2877 1331333113
1064 2812 1199 2894 periculi,
1230 2813 1402 2895 desperatio
1435 2814 1508 2877 13311
1543 2811 1593 2875 rn'e

235 2905 378 2969 seribere.
409 2901 440 2968 Si
470 2921 505 2965 ex
538 2904 758 2984 praeconcepta
793 2901 912 2964 malitia
946 2900 1021 2964 haec
1055 2901 1230 2978 texuissem,
1265 2919 1362 2965 33333
1394 2904 1485 2966 33133
1514 2902 1592 2964 haec

234 2991 505 3074 conglutinassem,
528 2990 691 3073 antequam
717 2987 971 3052 Bakouaohlrium
995 2989 1314 3052 333333133113131
1338 2990 1516 3054 1333333133
1540 2988 1593 3052 113-

233 3098 367 3144 massem
391 3098 443 3142 seu
467 3077 695 3152 stabilivissem,
731 3095 808 3140 3333
834 3079 898 3140 tam
921 3075 1005 3140 facili
1030 3078 1160 3158 negotio,
1197 3078 1261 3140 sine
1297 3077 1362 3140 ulle
1396 3077 1589 3152 necessitate,

232 3186 250 3231 a
275 3166 430 3250 proposito
454 3164 667 3229 destitissem?
691 3164 754 3228 Nec
778 3165 867 3228 credo
889 3164 997 3228 literas
1019 3163 1088 3228 illas
1112 3164 1258 3229 Venetiae
1283 3165 1429 3246 apulisse.

337 3252 529 3317 Bukorao
542 3253 561 3316 h
575 3253 613 3316 lri
643 3251 721 3335 quod
757 3257 858 3332 partes
881 3251 1027 3316 Turcioas
1052 3255 1176 3316 3333133
1198 3253 1249 3331 311,
1269 3273 1337 3316 sum
1355 3273 1390 3316 ne
1407 3251 1476 3316 ideo
1492 3251 1593 3316 incul-

234 3341 374 3424 pandus?
395 3341 472 3406 31111
495 3342 572 3404 hona
595 3358 650 3405 sua
672 3339 859 3423 depraedari,
884 3340 962 3405 vidit
982 3340 1109 3404 bustum
1134 3343 1166 3404 et
1187 3339 1343 3404 flammam
1369 3343 1590 3410 demessum:

234 3433 323 3494 notae
346 3431 433 3494 33331
455 3430 502 3493 1111
525 3433 680 3507 extremae
700 3427 962 3504 cornminationes,
987 3429 1099 3492 siccine
1123 3430 1160 3492 ad
1184 3429 1288 3510 palum
1312 3430 1395 3493 solus
1427 3428 1594 3511 prosiliet?

237 3516 307 3583 ldeo
331 3534 368 3581 33
392 3535 460 3580 sum
480 3517 667 3599 culpandus,
685 3517 764 3598 quod
786 3517 993 3598 speculatores
1017 3516 1193 3581 misserim?
1216 3517 1279 3581 3113
1302 3520 1349 3580 331
1381 3519 1510 3581 33133113
1535 3517 1591 3579 mi-

234 3606 344 3684 litaris,
368 3604 430 3669 3113
464 3604 600 3682 13311133,
627 3606 760 3668 maxima
794 3604 925 3668 militiae
956 3604 1004 3668 331
1037 3623 1124 3668 33333
1155 3603 1357 3668 intentionem
1384 3606 1592 3670 inimicorum.

234 3693 321 3773 Quod
344 3694 447 3758 331333
469 3692 701 3758 Bukovaohlrius
725 3692 849 3774 scripsit
866 3693 968 3755 omnia
999 3693 1029 3755 in
1068 3691 1269 3757 intentionem
1307 3711 1409 3756 meam
1443 3713 1509 3756 esse
1542 3712 1596 3774 pe·

235 3783 329 3860 racto,
349 3780 422 3863 quid
445 3782 528 3845 aliud
550 3781 682 3845 scribere
706 3781 816 3862 potuit.
840 3798 929 3862 quam
954 3797 1031 3862 3333
1060 3779 1260 3845 heimelranus
1289 3784 1328 3844 31
1359 3799 1510 3864 poennam
1542 3779 1594 3844 illi

166 3913 168 3919 ι
235 3870 389 3934 dictavit?
420 3865 1151 3946 331311331313313033113331313333111,
1187 3869 1341 3933 33131111
1375 3888 1407 3933 se
1442 3874 1594 3944 coactum,

236 3959 355 4040 rogavit
377 3957 511 4029 demum,
534 3960 568 4021 ut
592 3976 639 4020 mo
663 3957 805 4020 1331313
827 3973 881 4019 333
904 3957 1047 4029 33133331,
1072 3961 1146 4022 1333
1170 3959 1207 4021 31
1234 3958 1458 4038 praecationem
1483 3961 1514 4021 31
1545 3957 1595 4020 in·

236 4047 383 4111 stantiam
405 4045 491 4109 illius
515 4044 649 4125 scripsit,
672 4043 709 4108 de
733 4046 843 4126 quibus
866 4063 945 4108 3333
983 4063 1083 4108 sermo
1118 4048 1186 4120 est;
1223 4050 1359 4112 attamen
1397 4045 1522 4123 Tuscae,
1560 4049 1597 4110 ut

236 4135 343 4208 astuti,
369 4133 540 4198 retardatas
562 4132 668 4196 1113333
691 4134 778 4214 33331
802 4134 833 4196 13
858 4135 1011 4196 momento
1039 4151 1109 4196 oum
1143 4134 1256 4198 333313
1289 4133 1501 4198 Bukorachkii
1534 4132 1594 4196 mi-

236 4225 352 4286 serunt.
377 4221 549 4298 Praeterea,
573 4219 623 4302 qui
648 4220 757 4285 Μ33113
779 4220 921 4283 alumnus
952 4238 1018 4283 esse
1050 4222 1142 4298 33131,
1178 4224 1298 4303 oportet
1334 4221 1424 4286 illum
1457 4240 1525 4286 esso
1560 4225 1594 4286 et

237 4309 470 4374 vitiosissimum
504 4312 536 4373 et
570 4308 848 4372 virtuosissimum:
884 4308 1014 4371 31313133
1049 4327 1103 4390 pro
1138 4309 1220 4386 Deo,
1257 4309 1367 4391 patria,
1402 4308 1524 4373 domino
1560 4314 1594 4376 et

236 4399 343 4463 amicis
356 4397 486 4478 aplicare
501 4396 599 4473 debat,
614 4396 689 4460 31113
704 4413 758 4478 333
774 4395 933 4471 hostibus3
950 4394 1021 4459 hinc
1037 4396 1112 4460 illud
1128 4415 1288 4462 commune
1305 4399 1440 4461 dietum:
1462 4397 1591 4473 „Virtus

237 4485 398 4564 3313133,
422 4485 490 4568 3313
515 4485 546 4548 13
571 4485 658 4548 hoste
682 4485 860 4566 3333133111
1471 4511 1476 4525 ·

341 4571 601 4651 Quantumvero
636 4573 680 4636 ad
717 4572 841 4654 ligem
875 4571 1060 4653 palatini
1091 4573 1227 4651 attinet,
1252 4573 1418 4655 subscripsi
1449 4575 1588 4653 eandem,

237 4663 382 4744 tanquam
407 4662 531 4725 minime
558 4659 635 4724 Suae
658 4660 814 4724 Maiestati
838 4661 969 4736 noxiam,
1001 4663 1108 4725 contra
1129 4663 1277 4726 nimirum
1309 4663 1499 4743 impetitores
1534 4681 1593 4745 pa-

238 4749 314 4814 13133
338 4755 369 4813 31
392 4748 566 4826 lihertatis3
591 4749 659 4829 quis
690 4749 793 4811 333131
824 4747 920 4812 Suam
953 4749 1151 4813 Maiestatem
1183 4751 1246 4814 suis
1269 4750 1395 4814 vasallis
1430 4749 1591 4816 inimicam

238 4837 300 4901 1333
323 4839 355 4900 31
375 4837 558 4901 libertatum
581 4834 845 4900 defraudatorem?
869 4839 901 4900 31
920 4836 946 4900 si
969 4837 1024 4900 boc
1047 4838 1200 4919 scriptum
1234 4837 1377 4903 13133313
1415 4856 1593 4922 negassem,
