3518 5266
1475 437 1539 504 185

180 613 254 700 ligis
279 617 486 701 scriptotenus
502 616 728 684 renunciaverit
750 635 864 701 easque
885 616 1124 702 consignaverit,
1146 615 1304 681 foederum
1328 616 1360 681 et
1381 615 1537 681 actionum

181 723 305 770 suarum
329 705 496 788 complices
514 705 594 770 bona
615 705 675 770 fide
698 707 730 770 et
753 723 879 789 syncera
900 705 1115 782 nominaverit,
1140 702 1381 782 Cbiaktorniam,
1405 702 1540 785 beogrs·

179 794 263 870 dum,
286 791 476 871 (lotoribam,
511 791 674 858 Bucoarim
708 795 740 858 et
771 792 981 870 Buocariaam‚
1011 811 1065 857 nec
1095 811 1155 857 non
1185 792 1256 869 alia,
1287 809 1366 874 quae
1395 790 1535 873 possidet

93 913 103 927 ·
179 881 235 944 aut
251 880 379 959 detinet,
405 879 608 960 munimenta,
632 882 740 966 portus
756 882 849 963 atque
864 880 1024 957 fortalitia,
1050 897 1123 944 suae
1138 878 1296 961 majestati
1310 877 1483 957 tradiderit,
1507 879 1540 942 iu

182 985 219 1033 aa
242 969 431 1050 praesidium
454 985 632 1033 caesareum
654 968 826 1046 admiserit,
847 967 1000 1033 Viennam
1025 967 1152 1050 supplex
1169 975 1201 1031 et
1215 965 1465 1050 deprecabundus
1485 983 1535 1031 ao·

180 1055 318 1134 cesserit,
341 1059 373 1120 et
396 1055 429 1121 iu
451 1053 579 1138 reliquis
602 1074 636 1120 se
662 1056 783 1139 gratiae
816 1057 848 1120 et
880 1055 1063 1120 clementiae
1093 1053 1266 1137 majestatis
1297 1072 1371 1119 suae
1394 1053 1540 1118 sacratis-

177 1141 277 1208 simae
299 1143 476 1208 humillime
500 1144 531 1206 et
552 1142 793 1208 inconditiouate
816 1142 993 1224 subjecerit,
1025 1141 1153 1225 ejusque
1182 1141 1329 1206 mandata
1351 1143 1384 1206 et
1405 1136 1539 1223 disposi-

178 1229 277 1294 tiones
303 1230 465 1296 ulteriores
488 1249 520 1295 se
541 1229 784 1313 adimpleturum
808 1229 1029 1295 declaraverit:
1053 1229 1131 1313 quod
1156 1247 1213 1312 ego
1236 1227 1437 1294 haecomnia
1460 1247 1540 1311 pun·

178 1317 229 1383 ota
249 1318 281 1382 in
307 1337 358 1383 rna
380 1317 557 1382 humillime
589 1317 766 1400 suscipiam,
803 1318 980 1399 promittam
1010 1319 1102 1402 atque
1128 1316 1306 1400 spondeam,
1331 1317 1480 1399 quautam
1506 1315 1538 1379 in

183 1423 232 1468 me
255 1405 324 1482 erit,
357 1423 481 1470 ornnem
516 1403 695 1486 possibilem
723 1405 918 1488 diligentiam
946 1405 1101 1484 adbibere,
1134 1406 1226 1487 atque
1255 1405 1339 1468 omni
1373 1402 1539 1468 efficaticri

183 1490 274 1556 modo
296 1491 435 1570 suadere,
460 1493 613 1575 utsupra
636 1494 719 1558 dicta
741 1493 855 1575 puncta
886 1493 919 1556 in
942 1493 1085 1557 omnibus
1108 1493 1140 1556 et
1162 1491 1335 1574 peremnia
1358 1509 1449 1573 saepe
1474 1508 1539 1555 me-

183 1579 321 1644 moratus
344 1579 485 1644 dominus
509 1597 612 1645 comes
634 1581 671 1645 de
695 1581 766 1644 Zrin
786 1580 979 1664 quantocyus
1002 1579 1091 1663 plene
1108 1583 1200 1663 atque
1224 1577 1359 1662 perfecte
1382 1578 1533 1657 observet,

181 1665 303 1750 integre
325 1670 463 1750 praestet
483 1670 516 1732 et
537 1668 717 1750 adimpleat,
741 1667 922 1749 effectuique
945 1666 1008 1732 det.
1041 1667 1077 1731 In
1112 1667 1200 1750 eujus
1231 1664 1278 1731 rei
1300 1665 1394 1731 fidem
1417 1665 1536 1748 obliga·

177 1753 292 1819 tionem
317 1772 419 1820 meam
443 1754 522 1820 bano
544 1755 668 1838 propria
692 1773 786 1821 nnana
811 1753 988 1838 subscripsi,
1013 1773 1141 1838 eamque
1164 1755 1270 1818 sancte
1293 1755 1383 1836 atque
1407 1751 1535 1818 inviola-

179 1841 285 1906 biliter
308 1842 514 1926 exequendam
546 1842 604 1907 sub
633 1842 693 1908 fide
724 1842 906 1908 sacerdotali
928 1842 1127 1925 promittens;
1160 1841 1278 1907 sicma
1302 1842 1377 1906 deus
1400 1839 1536 1923 adjuvet,

179 1928 244 2010 ejus
278 1929 476 1995 sanctissima
512 1932 614 1994 mater
643 1932 730 2013 virgo
763 1929 865 1995 Maria
895 1930 987 2013 atque
1016 1947 1121 1995 omnes
1155 1929 1255 1994 sancti
1289 1927 1444 2011 electique
1478 1927 1537 1992 dei.

178 2015 313 2166 Viquqdnae
339 2015 379 2081 15
402 2017 509 2099 aprilis
532 2036 611 2084 anuo
634 2017 751 2083 domini
777 2015 870 2082 1610.
894 2017 945 2082 Fr.
966 2016 1091 2084 Marcus
1114 2016 1260 2082 Foratall.

648 2300 741 2377 roro,
767 2190 962 2374 rsgaeapa
985 2298 1086 2374 cpoaa

281 2416 450 2500 Zemaljslri
471 2417 672 2500 naporjednilr
694 2420 769 2484 Ivan
792 2419 978 2486 Wailrhardt
1006 2438 1053 2503 gr.
1075 2419 1186 2484 Vetter
1208 2418 1287 2484 tradi
1309 2416 1347 2482 od
1374 2414 1543 2499 dtajerslrih

181 2503 290 2568 stolida
312 2503 403 2587 plain
426 2523 462 2569 na
485 2504 603 2588 vojslru,
630 2507 770 2586 „ueillen
793 2507 915 2592 gottlob
944 2507 1006 2570 nnd
1029 2506 1120 2571 Danlr
1143 2506 1192 2571 die
1207 2505 1368 2589 operation
1384 2505 1438 2569 der
1454 2502 1541 2568 Insel

179 2590 349 2673 dergestalt
380 2592 552 2676 abgangen,
586 2593 658 2659 dass
693 2593 766 2660 rvier
798 2594 875 2659 alles
906 2593 1037 2672 erobert,
1068 2594 1132 2660 und
1155 2593 1269 2659 derueit
1291 2592 1401 2658 lrhnine
1424 2588 1541 2658 (iefabr

181 2677 331 2829 magiam
353 2680 533 2766 besorgen.“

181 2962 275 3031 1⁶70,
300 2963 590 3037 sarracaja.13ea
624 2965 709 3026 Kana
736 2855 978 3038 Loppggpg’pppe
1009 2965 1091 3024 bana
1125 2963 1214 3024 Palm
1237 2961 1544 3040 Maecenatiana

682 3053 791 3127 potori
811 3051 884 3126 caldi
903 3053 1031 3126 corocoj.

283 3167 499 3234 Illustrissime
522 3168 645 3236 domine
667 3188 781 3250 comes,
804 3173 935 3255 cognate
959 3171 1191 3236 amantissime!
1215 3169 1324 3236 Redur
1347 3171 1436 3252 pater
1465 3167 1543 3232 For·

185 3256 260 3321 stall
283 3258 415 3339 exponet
439 3257 558 3321 vestrae
581 3257 813 3324 illustrissimae
835 3259 1037 3325 dominationi
1061 3258 1319 3342 benignissimam
1335 3257 1544 3322 intentionem

185 3361 292 3408 sacrae
309 3361 388 3409 caes.
406 3343 588 3423 maiestatis,
613 3365 691 3428 qnae
706 3365 776 3411 cum
792 3347 907 3412 rationi
923 3347 1127 3412 consentanea
1143 3348 1174 3410 et
1186 3345 1349 3411 securitati
1367 3341 1545 3409 necessaria

181 3429 243 3495 sit:
280 3448 340 3496 non
362 3430 480 3510 dubito,
515 3433 588 3514 quin
612 3433 721 3498 eadem
743 3453 776 3499 se
799 3433 846 3500 illi
869 3435 958 3517 plene
980 3437 1012 3499 et
1034 3435 1174 3517 prompte
1197 3433 1240 3498 sit
1262 3430 1541 3508 accommodatum,

182 3520 218 3583 ut
241 3519 330 3582 tanto
353 3518 465 3583 melius
487 3517 720 3585 illustrissimae
743 3521 958 3587 dominationis
981 3521 1192 3586 humilissima
1209 3521 1331 3585 devotio
1354 3520 1387 3584 et
1409 3517 1544 3584 fidelitas

182 3623 256 3688 erga
279 3623 368 3671 suam
392 3605 588 3671 maiestatem
611 3611 717 3690 patere
741 3611 772 3674 et
793 3609 864 3675 istis
887 3609 1066 3691 periculosis
1091 3606 1391 3674 inconvenientiiset
1407 3607 1544 3671 incomo-

181 3691 331 3758 ditatibus
355 3693 443 3758 tanto
466 3693 557 3758 citius
580 3693 653 3760 linis
676 3695 795 3779 imponi
818 3695 926 3778 possit.
952 3694 1059 3774 Quoad
1088 3714 1147 3772 me,
1172 3713 1340 3777 numquam
1364 3693 1456 3757 deero
1487 3710 1541 3775 pro

181 3798 270 3862 posse
286 3783 406 3846 vestrae
429 3780 660 3847 illustrissimae
682 3783 886 3848 dominationi
910 3801 960 3848 mc
984 3784 1138 3848 sincerum
1160 3784 1327 3865 cognatum
1350 3780 1495 3845 exhibere
1512 3780 1544 3844 et

184 3867 228 3930 ita
251 3866 471 3947 demonstrare,
489 3870 623 3952 qualiter
638 3870 744 3936 debita
765 3871 891 3936 realitas
917 3869 1028 3953 erigit3
1054 3873 1086 3934 et
1101 3869 1286 3934 remittendo
1303 3888 1352 3934 me
1368 3867 1407 3933 ad
1425 3866 1543 3933 dictum

182 3957 303 4039 patrem
325 3954 377 4037 qui
401 3956 504 4020 omnia
527 3956 716 4024 sufficienter
738 3958 859 4036 referet,
885 3976 952 4022 eam
968 3957 1086 4041 optime
1117 3956 1219 4022 valere
1242 3955 1340 4040 cupio.
1367 3955 1448 4022 Suae
1472 3954 1546 4021 illu·

182 4041 356 4107 strissimae
387 4043 605 4110 dominationis
636 4045 863 4128 paratissimus.
896 4045 1011 4111 Vienae
1044 4045 1083 4110 le·
1118 4044 1225 4127 aprilis
1258 4043 1351 4110 1670.
1384 4041 1540 4109 Illustris·

182 4130 259 4193 simo
282 4129 405 4194 domino
428 4131 534 4195 comiti
558 4131 651 4199 Petro
676 4153 694 4197 a
717 4133 829 4212 drinio,
853 4134 981 4217 cognato
1005 4132 1231 4199 amantissimo.

232 4219 262 4280 U
281 4220 473 4281 roudniblrcm
496 4223 612 4282 artico.

187 4449 280 4522 1670,
306 4449 348 4505 16
372 4449 505 4522 tranaju,
525 4448 595 4508 Bae.
617 4450 702 4510 Knaa
731 4449 761 4510 V.
786 4340 934 4512 113ῗὲ11
956 4453 1105 4527 oopooaro
1126 4452 1222 4512 tacco
1243 4451 1366 4526 Fbarpa
1389 4449 1427 4509 K.
1444 4449 1547 4510 Fiun-

185 4533 304 4606 laopano
324 4551 368 4594 aa
383 4536 483 4608 premo
507 4536 545 4595 od
567 4539 587 4595 7
610 4555 635 4596 ν.
658 4556 695 4596 m.
718 4540 730 4596 i
752 4555 905 4614 nopocora
924 4557 965 4614 pa
987 4540 1028 4599 da
1049 4556 1080 4600 ae
1102 4555 1177 4600 cara
1186 4538 1316 4613 peoora,
1339 4539 1396 4599 dm
1411 4537 1485 4598 desi
1502 4537 1547 4597 ia·

686 4625 781 4684 bodilo?
805 4627 914 4686 curata
936 4626 1043 4688 miloat.

289 4741 507 4807 illustrissime
530 4743 654 4808 domine
676 4748 796 4810 comesi
828 4741 912 4822 Quae
942 4745 1158 4810 illustrissima
1189 4744 1358 4809 dominatio
1381 4745 1485 4810 vestra
1507 4745 1546 4807 ad

190 4843 237 4891 me
259 4827 450 4910 perscribere
474 4830 578 4911 libuit,
604 4850 640 4896 er
663 4832 730 4896 eius
753 4832 878 4896 exarata
900 4832 1033 4915 epistola
1056 4851 1075 4897 a
1102 4825 1123 4893 7
1143 4831 1261 4914 aprilis,
1285 4831 1330 4896 ita
1353 4832 1385 4895 et
1407 4829 1546 4894 ulteriori
