3524 5286
243 407 283 469 16

241 579 420 664 Hungariae
442 581 578 662 palatino
602 582 634 644 et
654 578 753 646 iudice
777 578 1003 656 Cumanorum,
1024 581 1110 645 aurei
1133 579 1256 645 velleris
1280 581 1401 664 equite,
1425 580 1549 646 domiuo
1572 582 1604 644 et

239 671 327 750 patre
350 668 453 732 nostro
477 666 703 747 colendissimo,
727 668 925 746 contulimus,
950 667 1136 750 quibusnam
1159 666 1217 733 riis
1232 670 1264 732 et
1278 667 1389 732 mediis
1410 668 1495 734 iuxta
1518 667 1604 752 leges
1704 663 1708 672 “

242 759 274 819 et
297 755 533 821 constitutiones
556 756 653 840 regni,
679 755 928 839 conditionesque
944 755 1168 838 dipplomatum
1185 757 1342 838 regiorum
1365 756 1536 820 remedium
1552 757 1609 820 ad-

240 843 342 907 biberi
365 843 472 926 possit.
497 843 573 907 Post
596 845 705 927 longas
729 844 811 908 ultro
835 844 973 927 citroque
1003 842 1102 909 factas
1133 843 1315 908 collationes
1345 843 1471 908 tandem
1495 861 1608 907 conre-

242 930 360 1010 nimus,¹
381 933 412 995 et
434 929 613 996 solemniter
639 931 797 1014 stipulatis
833 931 975 995 manibus
1002 932 1149 1013 praestito
1173 930 1305 997 invicem
1329 932 1503 996 iuramento
1527 930 1607 996 alter

240 1019 330 1082 alteri
352 1018 563 1101 promisimus,
587 1019 669 1102 quod
692 1019 723 1083 in
746 1019 838 1084 hocce
861 1019 1041 1084 calamitoso
1065 1020 1153 1102 regni
1176 1021 1277 1097 statu,
1305 1021 1369 1084 tam
1393 1020 1425 1084 in
1448 1019 1606 1102 prosperis

240 1124 332 1188 quam
356 1106 389 1169 in
411 1106 559 1180 adversis,
580 1107 659 1171 alter
682 1107 816 1171 alterum
835 1124 894 1171 non
911 1108 1174 1186 deseremus,.sed
1198 1106 1316 1172 mutuis
1334 1112 1455 1171 nosmet
1470 1105 1606 1184 auxiliis,

240 1192 278 1257 ad
303 1193 448 1258 ultimam
471 1212 567 1277 nsque
591 1194 750 1277 sanguinis
766 1195 898 1278 guttam,
923 1193 1129 1259 defendemus.
1152 1193 1202 1260 Sic
1220 1214 1275 1259 uos
1297 1194 1373 1259 deus
1396 1195 1537 1270 adiuret;
1561 1194 1608 1258 sic

239 1281 361 1346 animae
385 1283 506 1347 nostrae
530 1283 571 1346 sit
594 1281 752 1364 propitius.
776 1281 818 1345 Et
847 1281 879 1345 irr
910 1281 1149 1364 praemissorum
1174 1283 1275 1347 maius
1304 1283 1397 1347 robur
1419 1284 1452 1346 et
1472 1282 1605 1346 firmita-

240 1372 305 1434 tem
328 1373 504 1452 praesentes
521 1371 652 1447 nostras,
678 1369 791 1453 sigillis
805 1370 919 1434 uostris
932 1372 963 1434 et
975 1387 1121 1435 manuum
1136 1374 1309 1434 nostrarum
1322 1369 1601 1450 subscriptionibus

241 1457 392 1535 firmatae,
415 1458 494 1522 alter
517 1457 606 1521 alteri
630 1456 772 1522 dedimus
795 1457 912 1521 literas.
937 1457 1053 1520 Datum
1077 1457 1109 1520 in
1131 1457 1275 1521 Thermis
1305 1457 1532 1522 Stubnensibus
1555 1457 1605 1520 die
1666 1454 1675 1476 '

242 1545 262 1608 5
286 1543 403 1610 mensis
427 1544 534 1627 aprilis
563 1544 654 1609 1666.
679 1544 789 1610 (lomes
813 1544 925 1609 Petrus
948 1545 966 1608 a
987 1544 1070 1610 Zrin,
1094 1542 1202 1610 (lomes
1225 1544 1406 1609 Franciscus
1425 1543 1601 1628 Weseleny.

910 1647 938 1702 b.

348 1718 415 1784 Nos
439 1737 542 1784 comes
565 1717 748 1784 Franciscus
760 1719 927 1802 Weseleny
949 1718 987 1782 de
998 1718 1117 1798 Hadad,
1139 1720 1227 1802 regni
1250 1719 1427 1802 Huugariae
1451 1717 1609 1800 palatinus

247 1809 279 1871 et
302 1807 392 1871 iudex
415 1803 633 1884 Cumanorum,
658 1806 742 1872 aurei
773 1806 897 1871 velleris
929 1825 1041 1888 eques,
1071 1805 1206 1872 fatemur
1230 1811 1262 1870 et
1284 1808 1531 1889 recognoscimus
1553 1823 1610 1888 per

246 1912 400 1976 praesens,
422 1896 501 1977 quod
524 1894 716 1960 considerato
740 1895 772 1958 et
790 1895 867 1958 bene
891 1895 1044 1977 pensitato
1067 1895 1221 1976 praesenti
1245 1895 1336 1958 istius
1368 1895 1455 1977 regni
1474 1893 1609 1976 Hunga·

244 1983 318 2059 riae,
338 1982 457 2064 patriae
478 1986 600 2048 nostrae
622 1982 832 2060 charissimae,
856 1983 889 2046 et
911 1981 1010 2045 eidem
1041 1999 1227 2047 annexorum
1259 1999 1425 2064 regnorum
1456 1980 1610 2063 periculo-

246 2069 369 2135 sissimo
393 2073 477 2134 statu
500 2070 707 2152 ultimumque
729 2070 866 2134 minante
890 2069 1199 2134 calamitosissimum
1232 2067 1406 2146 excidium,
1439 2086 1494 2150 pro
1517 2086 1609 2131 arer-

242 2157 346 2222 tendis
369 2157 544 2222 istiusmodi
569 2158 661 2222 maiis
685 2175 755 2222 cum
778 2156 1036 2222 excellentissimo
1060 2156 1183 2221 domino
1206 2156 1318 2220 comite
1340 2156 1433 2220 Petro
1458 2158 1608 2237 perpetuo

242 2244 396 2322 aZrinio,
420 2263 587 2328 regnorum
610 2245 797 2321 Dalmatiae,
823 2243 965 2309 Oroatiae
998 2245 1030 2308 et
1060 2242 1240 2308 Sclaveniae
1275 2244 1371 2320 bano,
1404 2242 1469 2307 filio
1499 2245 1608 2306 nostro

242 2332 435 2410 charissimo,
461 2333 660 2412 contulimus,
688 2332 873 2415 quibusnam
897 2331 956 2396 riis
979 2333 1012 2395 et
1034 2331 1142 2396 mediis
1174 2331 1262 2395 iuxta
1292 2331 1376 2414 leges
1400 2330 1433 2394 et
1454 2331 1571 2395 constit
1594 2363 1610 2377 ·

242 2419 343 2484 cioues
366 2421 464 2503 regui,
486 2420 735 2502 conditionesque
758 2419 985 2502 dipplomatum
1008 2419 1160 2501 regiorum
1182 2418 1353 2482 remedium
1371 2417 1510 2483 adhiberi
1533 2437 1608 2501 pos·

244 2507 297 2571 sit.
321 2507 398 2571 Post
418 2506 528 2590 longas
552 2507 634 2572 ultra
665 2509 803 2589 citroque
833 2505 932 2571 factas
962 2504 1141 2570 collationes
1172 2504 1298 2570 tandem
1322 2505 1539 2582 convenimuS,
1575 2509 1609 2569 et

242 2595 421 2659 solemniter
444 2594 603 2678 stipulatis
627 2594 779 2672 manibus,
803 2595 951 2677 praestito
974 2593 1106 2658 invicem
1128 2593 1302 2658 iuramento
1317 2594 1397 2658 alter
1421 2592 1513 2657 alteri
1536 2611 1610 2676 pro·

244 2681 399 2760 misimus,
419 2683 499 2764 quod
523 2681 555 2746 in
578 2681 670 2746 hocce
693 2681 874 2748 calamitoso
896 2680 985 2764 regui
1012 2681 1113 2758 statu,
1137 2682 1203 2744 tam
1226 2681 1258 2744 iu
1281 2680 1436 2763 prosperis
1457 2697 1550 2762 quam
1577 2680 1611 2743 in

247 2769 383 2836 adversis
396 2768 476 2834 alter
488 2770 622 2834 alterum
639 2787 698 2834 uon
710 2769 902 2848 deseremns3
927 2769 979 2833 sed
991 2768 1107 2834 mutuis
1126 2770 1248 2832 nosmet
1259 2767 1393 2848 auxiliis,
1409 2767 1448 2830 ad
1464 2768 1613 2832 ultimam

245 2876 340 2940 usque
374 2857 545 2941 sanguinis
558 2858 699 2940 gutiam,
730 2855 936 2922 defendemus.
965 2853 1017 2920 Sic
1048 2873 1107 2920 non
1139 2856 1214 2936 deus
1237 2856 1379 2935 adiuvet,
1410 2855 1456 2926 sic
1486 2855 1612 2920 animae

243 2950 364 3011 nostrae
388 2946 430 3010 sit
451 2945 612 3028 propitius.
637 2945 679 3008 Et
701 2945 732 3008 in
755 2945 993 3026 praemissorum
1017 2943 1117 3007 maius
1147 2943 1240 3007 robur
1262 2946 1293 3008 et
1316 2943 1498 3007 firmitatem
1520 2961 1612 3025 prae·

244 3033 346 3097 sentes
369 3035 501 3110 nostras,
526 3032 639 3115 sigillis
662 3033 777 3096 nostris
808 3033 840 3096 ot
870 3049 1019 3095 manuum
1052 3034 1225 3096 nostrarum
1256 3030 1534 3112 subscriptionibus
1557 3028 1613 3093 fir·

244 3122 356 3196 metae,
370 3121 451 3184 alter
471 3119 563 3184 alteri
575 3118 717 3183 dedimus
729 3119 845 3182 literas.
871 3120 988 3183 Datum
1001 3120 1033 3182 in
1044 3117 1188 3182 Thermis
1200 3116 1426 3182 Stubneusibus
1436 3117 1488 3182 die
1500 3119 1613 3201 quinta

245 3207 359 3270 mensis
383 3207 490 3288 aprilis
513 3224 591 3271 anno
614 3205 730 3270 domini
758 3204 925 3270 millesimo
948 3205 1184 3270 sexcentessimo
1209 3206 1400 3294 sexagesimo
1422 3207 1526 3270 serto.¹
1552 3203 1612 3270 Uo-

246 3313 311 3360 mes
335 3293 509 3378 Weseleny,
534 3312 635 3357 comes
659 3293 769 3357 Petrus
793 3311 812 3355 a
832 3291 913 3356 Zrin.

351 3385 403 3444 Na
423 3385 521 3448 treta.
546 3379 703 3446 Francisci
726 3381 893 3463 Weseleny
915 3379 1044 3462 palatini
1065 3379 1245 3464 Hungariae
1276 3379 1435 3463 originalis
1459 3379 1613 3463 obligatio

245 3472 278 3534 et
301 3469 461 3553 stipulatio
484 3469 590 3534 comiti
614 3469 707 3533 Petro
730 3487 749 3531 a
771 3468 873 3532 Zrinio
897 3467 934 3532 de
957 3470 1065 3532 mutuo
1086 3468 1197 3533 auxilio
1219 3470 1252 3533 et
1274 3467 1458 3534 defensione.

295 3561 325 3622 U
344 3563 457 3635 tqiaom
479 3561 524 3620 do.
547 3562 559 3620 a'
581 3559 643 3620 εἰνὶ.
669 3559 783 3620 balbum
805 3559 920 3618 orbico.

248 3808 345 3875 1666,
367 3805 412 3865 25
434 3805 530 3878 aprile
555 3805 677 3864 Vienna.
700 3804 844 3864 Poslaailc
859 3696 996 3862 mlelgdti
1019 3801 1140 3878 Gtorqio
1165 3801 1298 3864 Ooraoro
1321 3820 1338 3863 o
1360 3803 1611 3882 acawoooljatoa,

246 3893 312 3966 toja
326 3893 360 3966 J'c
376 3893 541 3966 posb'cdru'e'
562 3909 671 3967 uqovor
700 3894 778 3951 mira
799 3891 1099 4038 sowfflliudw
1128 3909 1150 3950 a
1178 3891 1333 4008 Uparetoj.
1374 3893 1464 3952 Potor
1486 3891 1615 3950 Zriasiri

351 4079 404 4144 Gli
426 4077 569 4163 Ungberi
592 4097 665 4144 sono
686 4080 857 4145 inferrociti
879 4099 932 4161 per
964 4079 1044 4144 tanti
1077 4080 1238 4163 discapiti,
1270 4082 1327 4147 che
1350 4081 1391 4165 gl’
1408 4080 1552 4146 inierisce
1578 4080 1610 4145 la

248 4184 333 4252 pace.
357 4167 385 4230 11
408 4171 497 4231 conte
519 4166 658 4232 Nadasdi
676 4166 711 4231 fn
733 4168 949 4232 ultimamente
972 4166 1023 4231 nel
1049 4169 1196 4251 cousiglio
1220 4167 1250 4232 di
1274 4173 1356 4234 stato
1380 4188 1396 4233 e
1418 4169 1508 4254 parib
1530 4168 1612 4234 alta-

247 4258 360 4332 meute,
384 4254 591 4319 rimostrando
605 4273 687 4320 esser
710 4253 729 4318 l’
743 4255 902 4339 Ungberia
914 4255 1126 4320 abbandonata
1138 4256 1199 4320 alla
1212 4258 1416 4322 dsscrettioue
1432 4258 1469 4321 de
1482 4256 1611 4335 Turcbi,

246 4341 457 4408 minacciando
480 4343 606 4426 pericoli
629 4362 666 4407 ne
689 4342 809 4425 popoli,
845 4342 1039 4408 sollenationi
1070 4363 1087 4406 e
1118 4343 1257 4409 tumulti.
1293 4346 1346 4409 Ma
1378 4345 1410 4408 la
1438 4347 1524 4410 corte
1549 4363 1611 4409 non

245 4432 335 4508 bada,
360 4431 462 4496 sicura
481 4430 531 4495 del
554 4431 663 4495 Turco.
692 4430 845 4494 Meritauo
868 4428 1014 4513 riguardo
1036 4429 1047 4492 i
1071 4430 1197 4495 discorsi
1227 4433 1277 4496 del
1308 4434 1398 4497 conte
1422 4431 1609 4510 Strassoldo,

247 4517 516 4601 sopraintendente
550 4507 629 4581 delle
660 4516 870 4582 fortificazioni
900 4518 933 4581 di
964 4516 1128 4593 Carlistot,
1159 4519 1214 4582 che
1244 4518 1411 4585 dorrebero
1444 4519 1611 4584 custodirsi

248 4607 467 4689 gelosameute.
490 4603 506 4667 I
529 4605 641 4670 Turcbi
665 4605 692 4669 si
714 4606 853 4669 raduuan
882 4623 900 4670 a
924 4603 1085 4686 Belgrado.
1115 4604 1143 4668 Il
1165 4607 1254 4670 conte
1277 4607 1309 4670 di
1333 4605 1455 4685 Sdrino,
1489 4610 1606 4673 renutu

247 4693 311 4758 alla
330 4695 424 4771 corte,
452 4710 528 4757 auco
551 4692 581 4756 lo
604 4693 767 4758 conferma.

298 4782 329 4843 U
346 4785 423 4844 mtct.
445 4785 571 4844 urbica:
596 4781 767 4854 Germania,
788 4781 844 4843 ool.
870 4783 942 4851 129,
966 4798 1045 4840 abac
1069 4785 1162 4841 1666.
