3544 5288
221 420 285 485 396

219 601 430 751 guoquomodo
452 600 543 679 volet,
568 600 601 665 at
623 620 749 684 possum
773 603 837 668 iure
861 604 971 668 merito
991 601 1109 668 dicere:
1134 621 1203 668 sum
1232 619 1324 667 causa
1347 600 1575 686 permansionis

249 705 382 770 ngarrae.

325 776 402 840 Rem
426 776 519 842 altius
537 780 648 860 repeto.
672 779 875 862 Posteaquam
899 779 1038 843 Vezirius
1063 797 1191 862 magnus
1226 778 1303 842 duas
1327 780 1365 843 ob
1392 795 1500 842 causas
1518 795 1582 860 po·

219 862 375 928 tissimum
399 866 561 948 adportes
592 868 710 932 nostras
731 869 875 941 venisset,
899 868 1046 931 nimirum
1063 869 1098 931 nt
1120 885 1232 931 norum
1253 865 1443 931 fortalicium
1466 884 1485 929 a
1508 881 1581 929 meo

220 951 346 1016 condam
371 954 456 1035 patre
480 956 616 1019 erectum
639 955 811 1032 demoliret,
836 957 867 1019 et
889 958 923 1019 ut
946 955 1094 1033 Insulam,
1119 954 1251 1019 nominis
1275 955 1370 1019 nostri
1394 959 1426 1019 et
1441 953 1579 1017 familiae

219 1039 335 1118 nidum,
357 1039 494 1105 funditus
519 1043 656 1119 erueret;
680 1046 711 1108 et
735 1042 883 1125 siquidem
909 1045 1096 1126 protectione
1111 1062 1266 1108 armorum
1292 1045 1408 1107 restrae
1429 1042 1579 1106 Maiesta-

218 1127 260 1192 tis
284 1127 430 1192 ultimum
455 1128 573 1194 efficere
598 1133 746 1214 nequivit,
770 1132 870 1195 nescio
888 1150 953 1220 'qua
977 1131 1132 1214 ignoranti
1156 1132 1188 1194 et
1211 1131 1334 1214 stupida
1366 1130 1485 1195 ratione
1508 1147 1580 1212 per-

218 1234 335 1292 suasus,
361 1218 439 1299 quod
463 1219 494 1280 et
514 1236 593 1282 nunc
616 1218 733 1284 Turcae
755 1219 885 1283 firmiter
908 1220 1046 1296 credunt,
1072 1239 1120 1283 me
1144 1237 1322 1301 procurasse
1339 1216 1477 1282 subsidia
1493 1215 1579 1298 prin·

218 1303 318 1387 cipum
344 1304 590 1384 christianorum,
616 1308 684 1371 inde
708 1307 802 1371 vertit
824 1326 856 1371 ee
880 1307 918 1370 ad
936 1308 1012 1370 alias
1035 1309 1202 1389 impresas;
1227 1308 1280 1370 sed
1295 1307 1327 1370 et
1343 1306 1385 1371 ibi
1400 1306 1439 1370 ad
1454 1305 1577 1369 Rabarn

217 1391 357 1467 fluvium,
383 1392 438 1457 deo
461 1393 504 1458 ita
528 1395 656 1472 volente,
681 1395 826 1478 auspiciis
849 1394 1020 1460 maiestatis
1045 1396 1165 1460 vestrae
1200 1413 1269 1458 curn
1292 1393 1422 1458 notabili
1446 1411 1500 1457 suo
1523 1393 1578 1456 de·

220 1481 367 1546 trimento
386 1483 417 1543 et
440 1483 552 1563 pudore
576 1485 714 1547 recedere
738 1485 862 1547 coactus
885 1482 954 1546 fuit.
980 1483 1040 1547 Hic
1063 1501 1180 1566 quoque
1213 1481 1308 1566 (absit
1327 1481 1444 1546 inuidia
1467 1479 1576 1564 verbo)

218 1568 350 1632 multum
386 1586 495 1632 nomen
530 1573 667 1636 nostrum
702 1574 897 1652 cooperatum
933 1570 1010 1646 fuit;
1039 1590 1111 1635 narn
1145 1571 1176 1634 in
1209 1571 1276 1652 ipso
1309 1570 1415 1634 ardore
1450 1567 1574 1646 Martis,

217 1658 338 1721 exortus
360 1656 476 1721 clamor
498 1657 578 1722 inter
602 1658 751 1724 Turcass:
778 1677 867 1740 „ecce
890 1658 983 1724 Zrinii
1007 1679 1025 1724 a
1046 1661 1134 1742 tergo
1165 1676 1219 1723 uos
1242 1657 1422 1732 invadunt“,
1446 1657 1576 1720 territus

216 1744 272 1808 hoo
296 1763 447 1808 nummore
472 1744 617 1811 simulet
639 1746 784 1812 confusus
807 1748 946 1812 Vesirius
970 1749 1034 1812 suis
1055 1747 1116 1811 iarn
1130 1747 1159 1810 in
1173 1746 1277 1828 lugam
1298 1745 1489 1810 vertentibus
1501 1744 1576 1808 sub-

217 1831 329 1896 sidium
351 1834 475 1897 mittere
499 1836 660 1920 recusavit,
685 1837 717 1900 et
740 1836 786 1901 sic
808 1835 936 1900 consilio
960 1837 1124 1900 destitutus
1158 1835 1282 1898 caedem
1313 1852 1439 1898 suorum
1463 1831 1495 1895 in
1518 1851 1577 1895 an·

216 1919 329 1984 nante
353 1921 502 1986 attonitus
526 1923 721 1998 intuebatur3
754 1925 829 1988 sorti
863 1927 894 1988 et
922 1917 1061 1988 sortbune
1085 1943 1117 1987 se
1141 1922 1352 1987 submittendo
1380 1921 1516 1996 recessit
1541 1919 1576 1983 et

129 2055 132 2061 -
216 2025 322 2091 pacem
347 2009 445 2074 lacere
467 2009 656 2076 acceleravit.
681 2010 731 2075 Ab
754 2012 808 2076 illo
831 2016 968 2094 ternpore
997 2030 1118 2093 semper
1140 2011 1195 2074 hoc
1219 2011 1349 2074 dedecus
1380 2009 1513 2073 nominis
1537 2025 1575 2071 ac

216 2095 340 2161 honoris
363 2098 410 2161 sui
434 2097 640 2182 fragmentum
674 2100 816 2164 resarciri
839 2100 958 2164 studuit
991 2103 1023 2164 et
1053 2100 1217 2163 nitebatur.
1252 2097 1350 2163 Solvit
1383 2096 1487 2179 itaque
1519 2114 1575 2176 per

216 2183 378 2249 relationes
402 2186 534 2250 marimo
557 2186 762 2269 Ungarorum,
788 2206 941 2271 nunquam
977 2207 1026 2251 me
1057 2186 1188 2251 voluisse
1217 2205 1272 2250 nec
1301 2185 1381 2250 velle
1408 2184 1574 2248 adhaerere

215 2271 332 2349 Turcie,
349 2274 529 2355 quinimmo
543 2294 663 2357 semper
686 2277 814 2340 conatus
829 2276 951 2340 illorum
969 2275 1131 2352 anteverti,
1150 2274 1263 2355 partim
1279 2273 1438 2337 maiestati
1452 2273 1576 2335 vestrae

216 2358 435 2442 patefaciendo,
459 2363 574 2445 partim
597 2364 769 2428 occasiones
795 2368 901 2429 contra
921 2364 1035 2428 Turcas
1068 2361 1259 2446 quaerendo;
1292 2360 1392 2425 verbis
1423 2362 1456 2424 ot
1480 2358 1574 2423 iactis

215 2448 423 2514 demonstravi
446 2469 494 2515 me
516 2469 583 2515 esse
604 2451 728 2530 realem,
751 2452 921 2518 naturalem
945 2453 977 2516 et
1000 2450 1239 2516 infestissimum
1261 2449 1382 2514 hostem
1413 2449 1446 2512 et
1467 2447 1575 2512 inimi-

214 2554 284 2600 cum
307 2537 484 2603 Tuscorum.

309 2625 502 2710 «Fuissetque
524 2645 689 2711 aggressus
706 2627 837 2692 firmiter
860 2627 1050 2709 propositum
1071 2645 1171 2704 suum,
1203 2625 1228 2690 si
1252 2643 1308 2708 per
1337 2643 1437 2690 meam
1467 2621 1573 2688 missi-

216 2729 305 2776 onem
335 2732 394 2778 non
417 2714 528 2781 fuisset
551 2719 708 2782 revocatus
739 2735 757 2782 a
788 2716 953 2797 proposito,
985 2735 1038 2798 per
1069 2715 1254 2779 oblationem
1283 2732 1368 2778 meae
1397 2711 1571 2791 amicitiae,

213 2800 340 2866 demum
364 2802 395 2866 in
418 2803 474 2867 hoc
498 2802 547 2866 'vel
570 2804 701 2870 maxime
725 2803 894 2882 desudarit,
917 2807 1026 2882 utme
1043 2823 1061 2868 a
1076 2803 1250 2866 maiestatis
1274 2802 1394 2866 restrae
1420 2799 1572 2864 fidelitate

212 2888 340 2953 deficere
361 2889 467 2955 faciat.
491 2891 608 2968 Ungari
633 2892 663 2956 id
688 2894 776 2957 unice
797 2911 815 2957 a
839 2911 888 2956 me
912 2891 1120 2974 postulabant,
1141 2894 1175 2954 ut
1198 2909 1235 2954 ue
1270 2906 1455 2954 summerem
1485 2903 1573 2951 arma

212 2978 318 3041 contra
341 2977 420 3054 illos,
444 2979 563 3044 nullum
588 2999 620 3044 se
651 2980 748 3044 alium
776 2980 886 3044 timere
909 2980 1028 3062 publico
1059 2977 1261 3061 proferebant.
1298 2975 1394 3040 Auxit
1416 2975 1494 3039 hauc
1516 2991 1573 3038 no-

212 3064 305 3128 minis
329 3067 389 3130 mei
411 3067 522 3132 tamam
548 3069 646 3132 virtus
677 3067 813 3132 familiae
845 3087 938 3132 meae.
974 3067 1149 3132 Plurimum
1181 3066 1263 3130 enim
1294 3064 1326 3128 in
1352 3063 1433 3128 bello
1466 3063 1572 3145 potest

212 3152 400 3218 aucthoritas
424 3155 590 3238 sanguinis.

316 3241 411 3307 Plura
433 3245 593 3307 commoda
620 3243 838 3308 crhistianitati
862 3243 932 3308 bino
948 3246 1082 3321 causata,
1106 3259 1262 3307 recensere
1286 3258 1431 3322 possem;
1454 3238 1506 3303 sed
1527 3238 1573 3302 si·

212 3328 335 3411 quidem
359 3332 432 3394 sunt
454 3349 571 3407 arcana,
596 3331 653 3396 soli
677 3333 731 3396 deo
752 3332 886 3411 cognita,
912 3332 999 3396 uobis
1022 3331 1135 3396 saltem
1170 3348 1224 3414 per
1246 3328 1419 3410 probabiles
1449 3327 1571 3391 coniec-

212 3418 296 3481 turas
321 3423 352 3481 et
374 3417 609 3484 indivinatioues
632 3419 750 3497 relicta,
771 3417 838 3484 ideo
862 3420 898 3484 de
922 3421 970 3483 his
993 3421 1074 3484 ultro
1098 3418 1230 3483 scribere
1254 3415 1447 3499 supersedeo.

314 3505 360 3569 Er
372 3507 488 3585 multis,
502 3508 575 3572 haec
588 3508 646 3571 duo
667 3508 806 3590 exempla
823 3508 899 3572 mihi
912 3508 1027 3589 profero
1050 3507 1160 3572 liceat:
1189 3509 1215 3570 l.
1228 3506 1286 3570 His
1302 3502 1482 3587 praeteritis
1494 3502 1571 3567 belli
1601 3498 1607 3522 “

211 3594 410 3677 temporibus,
447 3595 574 3660 durante
606 3595 722 3661 Veneto
753 3595 843 3674 bello,
877 3596 1039 3678 aliquoties
1068 3595 1166 3659 uoluit
1196 3612 1322 3676 passum
1348 3611 1401 3675 per
1435 3590 1570 3655 confinia

210 3685 316 3746 nostra
337 3699 494 3765 occupare,
519 3685 551 3747 et
575 3702 695 3766 semper
716 3684 848 3749 nominis
871 3685 966 3747 nostri
983 3686 1067 3748 metu
1091 3681 1276 3747 sententiam
1302 3681 1424 3744 mutare
1444 3678 1570 3744 coactus

210 3768 278 3834 init.
305 3769 334 3833 2.
359 3768 515 3835 Offerebat
537 3771 677 3836 Venirius
700 3774 808 3837 contra
831 3773 935 3836 nostra
959 3769 1099 3837 Oroatica
1128 3771 1172 3835 50
1204 3789 1245 3834 nr.
1279 3769 1480 3846 armatorum,
1511 3785 1570 3832 nec

209 3856 292 3922 ullus
315 3875 407 3922 ausus
431 3860 480 3923 est
500 3859 532 3923 in
555 3878 586 3924 se
611 3879 764 3924 summere
788 3860 1021 3942 expeditionem,
1046 3860 1146 3925 solum
1169 3858 1207 3922 ob
1230 3857 1403 3939 respectum
1432 3853 1569 3919 nominis

212 3943 281 4009 mei.
307 3945 353 4010 De
386 3947 506 4012 caetero
527 3949 639 4012 notum
660 3952 708 4012 est
740 3948 818 4028 orbi,
843 3949 1001 4031 quamsit
1030 3947 1223 4012 formidabile
1253 3958 1362 4010 nomen
1392 3943 1569 4007 Zriuiorum

209 4031 328 4097 Tuscis.
347 4033 445 4098 Fama
468 4037 617 4120 geruntur
636 4035 726 4101 bella.

313 4121 420 4205 Itaque
443 4142 478 4187 er
501 4123 609 4188 innata
632 4122 768 4188 familiae
797 4143 882 4188 meae
907 4124 1124 4211 deuotionepet
1146 4121 1296 4188 fidelitate
1331 4118 1463 4203 patefeci
1487 4118 1569 4182 Mai-

208 4209 301 4274 estati
324 4209 455 4274 Vestrae
471 4211 714 4290 sollicitationes,
730 4212 889 4293 promissa,
914 4212 1025 4294 quibus
1049 4231 1097 4276 me
1112 4210 1212 4276 Turca
1236 4208 1404 4275 alliciebat.
1427 4207 1568 4272 Videndo

208 4314 264 4380 ego
289 4297 477 4363 voluntatem
512 4299 641 4364 Vestrae
666 4299 851 4377 Maiestatis,
886 4300 981 4364 immo
1005 4299 1041 4364 ad
1067 4300 1243 4364 ulteriorem
1266 4295 1569 4375 correspondentiam

208 4389 240 4448 et
256 4385 450 4486 'blationem
473 4387 629 4452 amicitiae
664 4387 794 4470 obligari
819 4388 913 4452 inisse
937 4387 1013 4451 mihi
1038 4389 1227 4452 iniunctum:
1259 4387 1430 4467 eapropter,
1452 4384 1489 4447 ut
1511 4401 1566 4446 er-

208 4481 310 4554 perior
341 4476 479 4540 centrum
504 4477 657 4539 tantarum
682 4475 918 4556 promissionum
942 4477 973 4540 et
996 4475 1194 4557 legationum,
1228 4478 1259 4538 et
1282 4471 1480 4556 qualemnam
1496 4471 1561 4534 rui-

207 4579 278 4624 nam
302 4577 338 4624 ac
362 4563 526 4644 perniciem
550 4562 776 4627 christianitati
801 4564 911 4628 inferre
935 4563 1125 4645 portendant,
1150 4562 1230 4639 misi,
1256 4579 1345 4644 quem
1374 4558 1440 4640 ipse
1462 4558 1565 4624 anca

206 4647 390 4730 postulabat,
418 4651 682 4715 Bulrovachlrium.
707 4650 787 4730 Quid
822 4652 865 4715 ibi
895 4651 1011 4724 fecerit,
1037 4652 1174 4733 quodque
1198 4668 1273 4733 opus
1300 4648 1396 4730 ipsius
1425 4645 1494 4723 fuit,
1531 4645 1565 4710 in

207 4735 355 4818 quantum
393 4738 471 4803 mibi
501 4739 659 4822 cognitum
690 4739 758 4814 fuit,
793 4759 846 4820 per
877 4756 961 4803 meas
996 4739 1234 4803 iustificaciones
1265 4737 1335 4820 plus
1364 4753 1457 4817 quarn
1489 4735 1565 4798 uota

207 4825 325 4975 retstrao
350 4824 507 4890 maiestati
530 4827 674 4890 existunt.
698 4825 799 4906 Igitur
821 4825 903 4890 haud
927 4829 975 4889 est
1008 4844 1128 4904 nocens,
1163 4827 1334 4908 quicunque
1365 4841 1423 4886 non
1455 4823 1564 4903 sponte

207 4927 239 4974 es
276 4927 397 4976 nocens.
